@misc{FGGS10,
    Author = {P. Friz and S. Gerhold and A. Gulisashvili and S. Sturm},
    Title = {On refined volatility smile expansion in the Heston model},
    Year = {2010},
    Eprint = {arXiv:1001.3003},
}

@misc{FGS19,
    Author = {Martin Forde and Stefan Gerhold and Benjamin Smith},
    Title = {Small-time and large-time smile behaviour for the Rough Heston model},
    Year = {2019},
    Eprint = {arXiv:1906.09034},
}

@book{O97,
    doi = {10.1201/9781439864548},
    url = {https://doi.org/10.1201/9781439864548},
    year = {1997},
    month = jan,
    publisher = {A K Peters/{CRC} Press},
    author = {Frank Olver},
    title = {Asymptotics and Special Functions}
}

@misc{GGP18,
    Author = {Stefan Gerhold and Christoph Gerstenecker and Arpad Pinter},
    Title = {Moment Explosions in the Rough Heston Model},
    Year = {2018},
    Eprint = {arXiv:1801.09458},
}

@article{RO96,
    doi = {10.1090/qam/1373844},
    url = {https://doi.org/10.1090/qam/1373844},
    year = {1996},
    month = mar,
    publisher = {American Mathematical Society ({AMS})},
    volume = {54},
    number = {1},
    pages = {153--159},
    author = {Catherine A. Roberts and W. E. Olmstead},
    title = {Growth rates for blow-up solutions of nonlinear Volterra equations},
    journal = {Quarterly of Applied Mathematics}
}

@misc{K08,
    Author = {Martin Keller-Ressel},
    Title = {Moment Explosions and Long-Term Behavior of Affine Stochastic Volatility Models},
    Year = {2008},
    Eprint = {arXiv:0802.1823},
}

@book{BH75,
    author = {Norman Bleistein and Richard A. Handelsman},
    title = {Asymptotic expansions of integrals},
    year = {1975},
    series={Dover Books on Mathematics},
}

@misc{ER16,
    Author = {Omar El Euch and Mathieu Rosenbaum},
    Title = {The characteristic function of rough Heston models},
    Year = {2016},
    Eprint = {arXiv:1609.02108},
}

@misc{G10,
    Author = {A. Gulisashvili},
    Title = {Asymptotic Formulas with Error Estimates for Call Pricing Functions and the Implied Volatility at Extreme Strikes},
    Year = {2009},
    Eprint = {arXiv:0906.0394},
}

@article{LT09,
    doi = {10.1016/j.camwa.2009.07.050},
    url = {https://doi.org/10.1016/j.camwa.2009.07.050},
    year = {2009},
    month = oct,
    publisher = {Elsevier {BV}},
    volume = {58},
    number = {8},
    pages = {1573--1588},
    author = {Changpin Li and Chunxing Tao},
    title = {On the fractional Adams method},
    journal = {Computers {\&} Mathematics with Applications}
}

@book{P99,
    title={Fractional Differential Equations: An Introduction to Fractional Derivatives, Fractional Differential Equations, to Methods of Their Solution and Some of Their Applications},
    author={Igor Podlubny},
    isbn={9780125588409},
    lccn={2008297489},
    series={Mathematics in Science and Engineering},
    year={1998},
    publisher={Elsevier Science}
}

@ARTICLE{L05,
    author = {Roger W. Lee},
    title = {Option Pricing by Transform Methods: Extensions, Unification, and Error Control},
    journal = {Journal of Computational Finance},
    year = {2004}
}

@inproceedings{H93,
    title={A Closed-Form Solution for Options with Stochastic Volatility with Applications to Bond and Currency Options},
    author={Steven Heston},
    year={1993}
}

@article{L03,
    author = {Lee, Roger},
    year = {2004},
    month = {02},
    pages = {469-480},
    title = {The Moment Formula for Implied Volatility at Extreme Strikes},
    volume = {14},
    journal = {Mathematical Finance},
    doi = {10.1111/j.0960-1627.2004.00200.x}
}

@misc{GJR14,
    Author = {Jim Gatheral and Thibault Jaisson and Mathieu Rosenbaum},
    Title = {Volatility is rough},
    Year = {2014},
    Eprint = {arXiv:1410.3394},
}

@misc{GS09a,
    Author = {A. Gulisashvili and E. M. Stein},
    Title = {Asymptotic Behavior of the Stock Price Distribution Density and Implied Volatility in Stochastic Volatility Models},
    Year = {2009},
    Eprint = {arXiv:0906.0392},
}

@article{GS09b,
    author = {Gulisashvili, Archil and Stein, Elias},
    year = {2009},
    month = {03},
    pages = {303 - 327},
    title = {Implied Volatility in the Hullâ€“White Model},
    volume = {19},
    journal = {Mathematical Finance},
    doi = {10.1111/j.1467-9965.2009.00368.x}
}

@article{HKLW02,
    author = {Hagan, Patrick and Kumar, Deep and Lesniewski, Andrew and Woodward, Diana},
    year = {2002},
    month = {01},
    pages = {84-108},
    title = {Managing Smile Risk},
    volume = {1},
    journal = {Wilmott Magazine}
}

@article{C82,
    doi = {10.1016/0304-405x(82)90018-6},
    url = {https://doi.org/10.1016/0304-405x(82)90018-6},
    year = {1982},
    month = dec,
    publisher = {Elsevier {BV}},
    volume = {10},
    number = {4},
    pages = {407--432},
    author = {A Christie},
    title = {The stochastic behavior of common stock variances Value,  leverage and interest rate effects},
    journal = {Journal of Financial Economics}
}

@Article{M67,
    author={Benoit Mandelbrot},
    title={{The Variation of Some Other Speculative Prices}},
    journal={The Journal of Business},
    year=1967,
    volume={40},
    number={},
    pages={393-393},
    month={},
    keywords={},
    doi={10.1086/295006},
    url={https://ideas.repec.org/a/ucp/jnlbus/v40y1967p393.html}
}

@article{DY02,
    author = {Dragulescu, Adrian and Yakovenko, Victor},
    year = {2002},
    month = {02},
    pages = {443-453},
    title = {Probability Distribution of Returns in the Heston Model with Stochastic Volatility},
    volume = {2},
    journal = {Quantitative Finance},
    doi = {10.1080/14697688.2002.0000011}
}

@article{FJL12,
    author = {Forde, Martin and Jacquier, Antoine and Lee, And},
    year = {2012},
    month = {10},
    pages = {},
    title = {The Small-Time Smile and Term Structure of Implied Volatility under the Heston Model},
    volume = {3},
    journal = {SIAM Journal on Financial Mathematics},
    doi = {10.1137/110830241}
}

@book{G11,
    doi = {10.1002/9781119202073},
    url = {https://doi.org/10.1002/9781119202073},
    year = {2012},
    month = jan,
    publisher = {Wiley},
    editor = {Jim Gatheral},
    title = {The Volatility Surface}
}

@article{CM99,
    author = {Carr, Peter and Madan, Dilip},
    year = {2001},
    month = {03},
    pages = {},
    title = {Option Valuation Using the Fast Fourier Transform},
    volume = {2},
    journal = {J. Comput. Finance},
    doi = {10.21314/JCF.1999.043}
}

@article{C01,
      doi = {10.1080/713665670},
      url = {https://doi.org/10.1080/713665670},
      year = {2001},
      month = feb,
      publisher = {Informa {UK} Limited},
      volume = {1},
      number = {2},
      pages = {223--236},
      author = {R. Cont},
      title = {Empirical properties of asset returns: stylized facts and statistical issues},
      journal = {Quantitative Finance}
}

@article{FS12,
    Author = {Vladimir Filimonov and Didier Sornette},
    Title = {Quantifying reflexivity in financial markets: towards a prediction of flash crashes},
    Year = {2012},
    Eprint = {arXiv:1201.3572},
    Howpublished = {Phys. Rev. E 85 (5), 056108 (2012)},
    Doi = {10.1103/PhysRevE.85.056108},
}

@article{JR15,
    Author = {Thibault Jaisson and Mathieu Rosenbaum},
    Title = {Limit theorems for nearly unstable Hawkes processes},
    Year = {2013},
    Eprint = {arXiv:1310.2033},
    Howpublished = {Annals of Applied Probability 2015, Vol. 25, No. 2, 600-631},
    Doi = {10.1214/14-AAP1005},
}

@article{AP06,
    doi = {10.2139/ssrn.559481},
    url = {https://doi.org/10.2139/ssrn.559481},
    year = {2005},
    publisher = {Elsevier {BV}},
    author = {Leif B. G. Andersen and Vladimir Piterbarg},
    title = {Moment Explosions in Stochastic Volatility Models},
    journal = {{SSRN} Electronic Journal}
}

@book{BCLO10,
    author = {Olver, Frank and Lozier, Daniel and Boisvert, Ronald and Clark, Charles},
    year = {2010},
    month = {01},
    pages = {},
    title = {NIST Handbook of Mathematical Functions},
    isbn = {0521140633, 9780521140638}
}

@misc{J19,
    Author = {Eduardo Abi Jaber},
    Title = {Lifting the Heston model},
    Year = {2018},
    Eprint = {arXiv:1810.04868},
}

@ARTICLE{D94,
    author = {Bruno Dupire.},
    title = {Pricing with a Smile},
    journal = {Risk Magazine},
    year = {1994},
    pages = {18--20}
}

@article{BFG16,
    doi = {10.2139/ssrn.2554754},
    url = {https://doi.org/10.2139/ssrn.2554754},
    year = {2015},
    publisher = {Elsevier {BV}},
    author = {Christian Bayer and Peter K. Friz and Jim Gatheral},
    title = {Pricing Under Rough Volatility},
    journal = {{SSRN} Electronic Journal}
}

@article{BS73,
    doi = {10.1086/260062},
    url = {https://doi.org/10.1086/260062},
    year = {1973},
    month = may,
    publisher = {University of Chicago Press},
    volume = {81},
    number = {3},
    pages = {637--654},
    author = {Fischer Black and Myron Scholes},
    title = {The Pricing of Options and Corporate Liabilities},
    journal = {Journal of Political Economy}
}

@inproceedings{DK94,
    title={The Volatility Smile and its Implied Tree},
    author={Emanuel Derman and Iraj Kani},
    year={1994}
}

@book{BW14,
    title={Risk Management Post Financial Crisis: A Period of Monetary Easing},
    author={Batten, J.A. and Wagner, N.F.},
    isbn={9781784410261},
    series={Contemporary Studies in Economic and Financial Analysis},
    year={2014},
    publisher={Emerald Group Publishing Limited}
}

@book{KST06,
  title={Theory and Applications of Fractional Differential Equations},
  author={Kilbas, A.A. and Srivastava, H.M. and Trujillo, J.J.},
  number={v. 13},
  isbn={9780444518323},
  lccn={2005044764},
  series={North-Holland Mathematics Studies},
  year={2006},
  publisher={Elsevier Science}
}
