underlying_price,underlying_index,timestamp,state,settlement_price,open_interest,min_price,max_price,mark_price,mark_iv,last_price,interest_rate,instrument_name,index_price,bid_iv,best_bid_price,best_bid_amount,best_ask_price,best_ask_amount,ask_iv,vega,theta,rho,gamma,delta
8684.56,BTC-27MAR20,1583060340373,open,0.08,1131.6,0.058,0.116,0.08115879,56.73,0.0735,0.0,BTC-27MAR20-9000-P,8571.89,55.63,0.08,3.0,0.0825,0.1,58.01,9.10652,-9.98329,-3.97092,0.0003,-0.56382
8684.56,BTC-27MAR20,1583060340378,open,0.0,556.6,0.0005,0.014,0.00401525,69.49,0.0045,0.0,BTC-27MAR20-6500-P,8571.89,67.5,0.0035,54.0,0.0045,32.1,71.24,2.33128,-3.13019,-0.32392,6e-05,-0.0486
8944.68,BTC-26JUN20,1583060340485,open,0.15,752.5,0.1105,0.193,0.14734723,64.04,0.148,0.0,BTC-26JUN20-9000-P,8571.89,63.66,0.1465,0.1,0.1495,1.0,65.01,19.92218,-5.45828,-16.67336,0.00012,-0.43479
8684.54,BTC-27MAR20,1583060341382,open,0.05,1241.5,0.0305,0.0815,0.04805986,55.31,0.0495,0.0,BTC-27MAR20-8500-P,8571.87,54.77,0.0475,0.1,0.05,20.5,57.18,9.00525,-9.62364,-2.83943,0.0003,-0.41314
8944.68,BTC-26JUN20,1583060343735,open,0.15,752.5,0.1105,0.193,0.14734782,64.04,0.148,0.0,BTC-26JUN20-9000-P,8571.94,63.66,0.1465,0.1,0.15,4.0,65.23,19.92218,-5.4583,-16.67336,0.00012,-0.43479
8944.67,BTC-26JUN20,1583060343808,open,0.08,112.7,0.049,0.121,0.07984565,68.49,0.08,0.0,BTC-26JUN20-11000-C,8571.94,68.09,0.079,3.5,0.081,0.1,69.03,19.05903,-5.5843,8.22341,0.00011,0.36696
8944.67,BTC-26JUN20,1583060343808,open,0.31,0.0,0.265,0.3635,0.30963243,68.49,None,0.0,BTC-26JUN20-11000-P,8571.94,0.0,0.0,0.0,0.0,0.0,0.0,19.05916,-5.5845,-26.9993,0.00011,-0.63303
8944.67,BTC-26JUN20,1583060343808,open,0.04,91.2,0.0235,0.084,0.04738193,72.14,0.0475,0.0,BTC-26JUN20-13000-C,8571.94,71.34,0.046,4.0,0.049,31.3,73.06,15.67299,-4.83673,5.46748,8e-05,0.23828
8944.67,BTC-26JUN20,1583060343808,open,0.5,0.0,0.454,0.5575,0.5007663,72.14,None,0.0,BTC-26JUN20-13000-P,8571.94,0.0,0.0,0.0,0.0,0.0,0.0,15.67346,-4.83706,-36.15924,8e-05,-0.76171
8944.67,BTC-26JUN20,1583060344018,open,0.19,256.8,0.1615,0.2345,0.19532827,64.04,0.1935,0.0,BTC-26JUN20-8000-C,8571.94,61.88,0.191,15.0,0.1975,14.6,65.12,17.91528,-4.90821,14.1008,0.00011,0.68765
8944.66,BTC-26JUN20,1583060344161,open,0.82,7.0,0.766,0.8745,0.81444201,78.17,0.79,0.0,BTC-26JUN20-16000-P,8571.94,0.0,0.001,2.0,0.0,0.0,0.0,11.10524,-3.71372,-48.04202,6e-05,-0.86292
8684.59,BTC-27MAR20,1583060344179,open,0.51,3.0,0.469,0.5385,0.50086485,84.42,0.33,0.0,BTC-27MAR20-13000-P,8571.94,0.0,0.15,0.2,0.0,0.0,0.0,2.24113,-3.65605,-8.95555,5e-05,-0.95374
8944.66,BTC-26JUN20,1583060344193,open,1.26,0.1,1.1975,1.316,1.25074159,86.24,1.85,0.0,BTC-26JUN20-20000-P,8571.94,0.0,0.001,2.0,0.0,0.0,0.0,7.52719,-2.77717,-62.17223,3e-05,-0.91997
8684.59,BTC-27MAR20,1583060344196,open,0.0,242.0,0.0005,0.0105,1.897e-05,120.79,0.0005,0.0,BTC-27MAR20-28000-C,8571.94,0.0,0.0,0.0,0.001,44.0,166.46,0.02171,-0.05067,0.00143,0.0,0.00025
8684.59,BTC-27MAR20,1583060344398,open,0.34,0.0,0.301,0.3665,0.33113465,71.93,None,0.0,BTC-27MAR20-11500-P,8572.0,0.0,0.0,0.0,0.0,0.0,0.0,3.60691,-5.0132,-7.67039,9e-05,-0.91472
8684.59,BTC-27MAR20,1583060344398,open,0.12,55.3,0.0955,0.157,0.12172365,57.77,0.12,0.0,BTC-27MAR20-9500-P,8572.0,57.0,0.121,2.0,0.124,4.0,60.19,8.11433,-9.05843,-5.0206,0.00026,-0.69375
8684.59,BTC-27MAR20,1583060344398,open,0.23,0.0,0.192,0.255,0.22126565,63.6,None,0.0,BTC-27MAR20-10500-P,8572.0,0.0,0.0,0.0,0.0,0.0,0.0,5.3922,-6.62687,-6.59526,0.00016,-0.84997
8684.59,BTC-27MAR20,1583060344398,open,0.01,49.7,0.0005,0.021,0.00694246,71.91,0.007,0.0,BTC-27MAR20-11500-C,8572.0,70.83,0.0065,1.6,0.0075,24.1,73.23,3.60494,-5.00918,0.48189,9e-05,0.08521
8684.59,BTC-27MAR20,1583060344398,open,0.03,282.5,0.0135,0.0535,0.02782575,57.77,0.026,0.0,BTC-27MAR20-9500-C,8572.0,56.88,0.027,23.1,0.029,19.4,59.02,8.11401,-9.05701,1.71404,0.00026,0.30623
8684.59,BTC-27MAR20,1583060344398,open,0.01,330.8,0.0025,0.0295,0.01222061,63.59,0.013,0.0,BTC-27MAR20-10500-C,8572.0,62.42,0.0115,53.0,0.013,24.0,64.83,5.39102,-6.62425,0.84817,0.00016,0.14998
8684.59,BTC-27MAR20,1583060344398,open,0.0,2273.8,0.0005,0.011,0.00143237,100.94,0.0025,0.0,BTC-27MAR20-16000-C,8572.0,96.43,0.001,64.0,0.002,24.0,105.63,0.93603,-1.82571,0.09099,2e-05,0.01621
8944.66,BTC-26JUN20,1583060344398,open,0.05,390.1,0.0265,0.0775,0.04722464,64.04,0.044,0.0,BTC-26JUN20-7000-P,8572.0,62.29,0.0445,23.3,0.0475,19.3,64.22,13.97851,-3.82979,-6.95315,9e-05,-0.19554
8944.66,BTC-26JUN20,1583060344398,open,0.22,858.7,0.1805,0.273,0.22255632,65.93,0.2255,0.0,BTC-26JUN20-10000-P,8572.0,64.56,0.2195,0.1,0.2285,0.1,68.57,20.06528,-5.65926,-21.97691,0.00012,-0.54475
8684.59,BTC-27MAR20,1583060344399,open,0.0,1425.2,0.0005,0.012,0.00225895,76.17,0.0025,0.0,BTC-27MAR20-6000-P,8572.0,74.56,0.002,24.0,0.0025,0.1,77.57,1.44681,-2.12937,-0.1809,4e-05,-0.02712
8684.59,BTC-27MAR20,1583060344398,open,0.04,1733.7,0.027,0.075,0.04482988,56.73,0.044,0.0,BTC-27MAR20-9000-C,8572.0,55.93,0.044,1.0,0.0455,14.4,57.36,9.10653,-9.98189,2.40939,0.0003,0.43617
8684.59,BTC-27MAR20,1583060344399,open,0.37,22.4,0.354,0.3825,0.36760936,79.41,0.4285,0.0,BTC-27MAR20-5500-C,8572.0,0.0,0.0,0.0,0.0,0.0,0.0,0.70736,-1.08534,3.82131,2e-05,0.98828
8944.66,BTC-26JUN20,1583060344399,open,0.26,126.5,0.2355,0.2985,0.26463131,64.04,0.285,0.0,BTC-26JUN20-7000-C,8572.0,61.05,0.26,1.0,0.2905,7.0,79.92,13.9783,-3.82959,15.4616,9e-05,0.80446
8944.66,BTC-26JUN20,1583060344399,open,0.61,12.5,0.5555,0.66,0.60260251,73.88,0.56,0.0,BTC-26JUN20-14000-P,8572.0,0.0,0.001,2.0,0.0,0.0,0.0,13.92031,-4.39992,-40.3386,7e-05,-0.8058
8684.59,BTC-27MAR20,1583060344398,open,0.0,1389.6,0.0005,0.0105,3.151e-05,91.28,0.0005,0.0,BTC-27MAR20-4000-P,8572.0,0.0,0.0,0.0,0.0005,9.9,118.93,0.03835,-0.06764,-0.00305,0.0,-0.00046
8684.59,BTC-27MAR20,1583060344399,open,3.62,1.4,3.516,3.6995,3.60588604,156.67,3.0435,0.0,BTC-27MAR20-40000-P,8572.0,0.0,0.0005,1.0,0.0,0.0,0.0,0.02377,-0.07195,-28.35538,0.0,-0.99972
8684.59,BTC-27MAR20,1583060344399,open,3.16,0.1,3.064,3.23,3.14529804,146.23,2.64,0.0,BTC-27MAR20-36000-P,8572.0,0.0,0.0005,1.0,0.0,0.0,0.0,0.0234,-0.06613,-25.51971,0.0,-0.99973
8684.59,BTC-27MAR20,1583060344399,open,0.01,2568.6,0.0005,0.018,0.00544975,75.76,0.006,0.0,BTC-27MAR20-12000-C,8572.0,74.42,0.005,43.0,0.006,24.1,77.32,2.98468,-4.36909,0.37595,7e-05,0.06651
8944.66,BTC-26JUN20,1583060344399,open,0.01,325.4,0.0005,0.026,0.00771179,99.67,0.0065,0.0,BTC-26JUN20-28000-C,8572.0,98.19,0.007,20.0,0.0085,24.0,101.21,4.43348,-1.89038,0.94805,2e-05,0.04081
8684.59,BTC-27MAR20,1583060344399,open,1.31,5.3,1.258,1.3545,1.3036574,120.91,0.907,0.0,BTC-27MAR20-20000-P,8572.0,0.0,0.0005,1.0,0.0,0.0,0.0,0.48147,-1.12492,-14.13648,1e-05,-0.99245
8684.59,BTC-27MAR20,1583060344399,open,0.85,21.2,0.8065,0.886,0.84378672,101.04,0.501,0.0,BTC-27MAR20-16000-P,8572.0,0.0,0.0055,0.1,0.0,0.0,0.0,0.94072,-1.83665,-11.25126,2e-05,-0.98369
8684.59,BTC-27MAR20,1583060344399,open,0.17,902.3,0.141,0.2035,0.16984744,60.84,0.159,0.0,BTC-27MAR20-10000-P,8572.0,49.12,0.1615,6.1,0.2015,5.0,96.26,6.75421,-7.94076,-5.87945,0.00021,-0.78512
8684.59,BTC-27MAR20,1583060344399,open,2.93,0.0,2.8385,2.995,2.9150046,140.79,None,0.0,BTC-27MAR20-34000-P,8572.0,0.0,0.0005,1.0,0.0,0.0,0.0,0.02372,-0.06454,-24.10183,0.0,-0.99972
8684.59,BTC-27MAR20,1583060344399,open,0.0,707.3,0.0005,0.0105,0.00072608,91.23,0.001,0.0,BTC-27MAR20-5000-P,8572.0,87.01,0.0005,3.0,0.001,49.1,95.29,0.52491,-0.92537,-0.05573,1e-05,-0.00833
8684.59,BTC-27MAR20,1583060344399,open,0.42,35.7,0.413,0.4385,0.42499035,91.18,0.4975,0.0,BTC-27MAR20-5000-C,8572.0,0.0,0.0,0.0,0.0,0.0,0.0,0.52328,-0.92194,3.48909,1e-05,0.9917
8684.59,BTC-27MAR20,1583060344399,open,1.77,0.0,1.7095,1.821,1.76364376,121.99,None,0.0,BTC-27MAR20-24000-P,8572.0,0.0,0.0,0.0,0.0,0.0,0.0,0.11305,-0.26649,-17.00569,0.0,-0.9985
8944.66,BTC-26JUN20,1583060344399,open,2.6,0.0,2.509,2.671,2.58377796,105.09,None,0.0,BTC-26JUN20-32000-P,8572.0,0.0,0.0,0.0,0.0,0.0,0.0,3.67418,-1.65191,-101.71547,1e-05,-0.96756
8684.59,BTC-27MAR20,1583060344399,open,0.0,329.6,0.0005,0.0105,0.00011224,120.71,0.0005,0.0,BTC-27MAR20-24000-C,8572.0,0.0,0.0,0.0,0.001,25.0,147.89,0.10181,-0.23747,0.00756,0.0,0.00134
8944.72,BTC-26JUN20,1583060344399,open,0.04,756.6,0.017,0.071,0.03741584,73.88,0.036,0.0,BTC-26JUN20-14000-C,8572.0,72.96,0.036,50.8,0.039,32.3,74.89,13.91953,-4.39937,4.49009,7e-05,0.19418
8944.72,BTC-26JUN20,1583060344399,open,0.09,492.0,0.0595,0.129,0.08972065,64.04,0.0875,0.0,BTC-26JUN20-8000-P,8572.0,62.43,0.0865,16.6,0.089,4.0,63.68,17.91531,-4.9085,-11.51591,0.00011,-0.31235
8944.72,BTC-26JUN20,1583060344399,open,0.0,330.7,0.0005,0.011,0.00123659,86.52,0.001,0.0,BTC-26JUN20-3000-P,8572.0,84.11,0.001,0.3,0.0015,20.0,88.86,0.94147,-0.34847,-0.22562,0.0,-0.00664
8684.59,BTC-27MAR20,1583060344399,open,0.0,154.1,0.0005,0.0105,8.09e-06,120.89,0.0005,0.0,BTC-27MAR20-30000-C,8572.0,0.0,0.0,0.0,0.001,44.0,174.63,0.01018,-0.02379,0.00064,0.0,0.00011
8684.59,BTC-27MAR20,1583060344399,open,0.0,267.1,0.0005,0.0105,3.56e-06,121.06,0.0005,0.0,BTC-27MAR20-32000-C,8572.0,0.0,0.0,0.0,0.0005,2.3,170.29,0.00487,-0.01139,0.00029,0.0,5e-05
8944.72,BTC-26JUN20,1583060344399,open,0.14,952.4,0.1065,0.1825,0.14115639,64.04,0.1415,0.0,BTC-26JUN20-9000-C,8572.0,63.52,0.14,16.0,0.1425,1.0,64.64,19.92226,-5.45799,12.14555,0.00012,0.56521
8944.72,BTC-26JUN20,1583060344400,open,0.01,2552.7,0.0005,0.023,0.00620843,105.05,0.0065,0.0,BTC-26JUN20-32000-C,8572.0,103.26,0.0055,219.9,0.007,41.0,106.91,3.66808,-1.64854,0.74947,1e-05,0.03238
8944.72,BTC-26JUN20,1583060344399,open,0.01,405.9,0.0005,0.024,0.00670986,102.08,0.0075,0.0,BTC-26JUN20-30000-C,8572.0,100.41,0.006,20.0,0.0075,24.0,103.8,3.95127,-1.72546,0.82286,2e-05,0.03544
8684.59,BTC-27MAR20,1583060344399,open,0.01,1610.0,0.0005,0.0205,0.00754971,64.18,0.008,0.0,BTC-27MAR20-7000-P,8572.0,62.87,0.007,24.2,0.008,65.0,65.21,3.72158,-4.61517,-0.59397,0.00011,-0.08892
8684.59,BTC-27MAR20,1583060344399,open,0.0,374.5,0.0005,0.0105,0.00028106,120.69,0.001,0.0,BTC-27MAR20-22000-C,8572.0,0.0,0.0,0.0,0.001,19.0,137.19,0.22096,-0.51529,0.01765,0.0,0.00315
8944.72,BTC-26JUN20,1583060344399,open,0.01,1315.4,0.0045,0.039,0.01476063,86.23,0.016,0.0,BTC-26JUN20-20000-C,8572.0,84.7,0.0135,24.0,0.016,44.0,87.67,7.5245,-2.77577,1.86844,3e-05,0.08
8684.59,BTC-27MAR20,1583060344399,open,2.7,0.0,2.6125,2.7595,2.68471225,135.38,None,0.0,BTC-27MAR20-32000-P,8572.0,0.0,0.0005,1.0,0.0,0.0,0.0,0.02503,-0.06548,-22.68389,0.0,-0.99971
8944.72,BTC-26JUN20,1583060344399,open,0.55,21.6,0.5445,0.569,0.55549801,73.19,0.612,0.0,BTC-26JUN20-4000-C,8572.0,0.0,0.0,0.0,0.0,0.0,0.0,2.00072,-0.62643,12.27967,1e-05,0.98423
8944.72,BTC-26JUN20,1583060344399,open,0.35,72.7,0.3275,0.3765,0.34985002,64.61,0.44,0.0,BTC-26JUN20-6000-C,8572.0,34.89,0.3305,0.1,0.0,0.0,0.0,8.95728,-2.47567,15.72429,5e-05,0.89885
8684.59,BTC-27MAR20,1583060344399,open,0.0,221.1,0.0005,0.0105,1.62e-06,121.3,0.0005,0.0,BTC-27MAR20-34000-C,8572.0,0.0,0.0,0.0,0.0005,19.0,177.0,0.00239,-0.0056,0.00014,0.0,2e-05
8944.72,BTC-26JUN20,1583060344400,open,0.0,457.4,0.0005,0.0125,0.0026942,73.21,0.0035,0.0,BTC-26JUN20-4000-P,8572.0,69.82,0.002,73.0,0.0035,44.0,76.53,2.003,-0.62733,-0.52937,1e-05,-0.01579
8944.72,BTC-26JUN20,1583060344399,open,2.15,0.0,2.071,2.2175,2.13808513,99.74,None,0.0,BTC-26JUN20-28000-P,8572.0,0.0,0.0,0.0,0.0,0.0,0.0,4.44612,-1.89711,-88.70691,2e-05,-0.95904
8684.59,BTC-27MAR20,1583060344399,open,0.03,1697.6,0.0135,0.053,0.02664601,56.63,0.0255,0.0,BTC-27MAR20-8000-P,8572.0,55.32,0.0255,23.2,0.0275,23.0,57.6,7.61208,-8.32977,-1.81188,0.00025,-0.26765
8944.72,BTC-26JUN20,1583060344399,open,1.48,0.0,1.4155,1.54,1.47170445,90.1,None,0.0,BTC-26JUN20-22000-P,8572.0,0.0,0.001,2.0,0.0,0.0,0.0,6.45578,-2.48849,-68.91776,3e-05,-0.9345
8684.59,BTC-27MAR20,1583060344400,open,0.62,69.6,0.5815,0.6545,0.61501493,91.8,0.59,0.0,BTC-27MAR20-14000-P,8572.0,0.0,0.004,0.1,0.0,0.0,0.0,1.72457,-3.05922,-9.73678,4e-05,-0.96648
8684.59,BTC-27MAR20,1583060344399,open,0.31,32.7,0.296,0.329,0.31137607,76.14,0.3165,0.0,BTC-27MAR20-6000-C,8572.0,0.0,0.2985,7.0,0.321,7.0,109.93,1.44531,-2.12649,4.07287,4e-05,0.97291
8944.72,BTC-26JUN20,1583060344400,open,0.01,1283.4,0.0005,0.031,0.01018365,93.48,0.01,0.0,BTC-26JUN20-24000-C,8572.0,91.52,0.009,44.0,0.0115,40.0,95.51,5.60206,-2.24034,1.27354,2e-05,0.05465
8944.72,BTC-26JUN20,1583060344399,open,0.02,608.6,0.006,0.0455,0.01885598,82.24,0.018,0.0,BTC-26JUN20-18000-C,8572.0,80.87,0.0175,24.0,0.02,44.0,83.36,9.01467,-3.17159,2.38254,4e-05,0.10204
8944.72,BTC-26JUN20,1583060344399,open,0.66,34.7,0.656,0.6755,0.66583945,86.49,0.708,0.0,BTC-26JUN20-3000-C,8572.0,0.0,0.0,0.0,0.0,0.0,0.0,0.93956,-0.34763,9.38115,0.0,0.99337
8684.59,BTC-27MAR20,1583060344399,open,2.0,0.0,1.9355,2.0555,1.99387147,123.53,None,0.0,BTC-27MAR20-26000-P,8572.0,0.0,0.001,1.0,0.0,0.0,0.0,0.06077,-0.14505,-18.42769,0.0,-0.99924
8684.59,BTC-27MAR20,1583060344401,open,0.02,1975.7,0.0065,0.0385,0.01837597,60.83,0.018,0.0,BTC-27MAR20-10000-C,8572.0,60.35,0.018,39.1,0.019,19.3,61.63,6.7535,-7.9388,1.20958,0.00021,0.21484
8944.72,BTC-26JUN20,1583060344400,open,0.1,935.9,0.071,0.1465,0.10456584,65.92,0.1045,0.0,BTC-26JUN20-10000-C,8572.0,65.45,0.1035,16.9,0.106,0.1,66.56,20.0654,-5.65901,10.04397,0.00012,0.45524
8684.59,BTC-27MAR20,1583060344400,open,0.0,37.2,0.0005,0.0105,0.00018094,91.27,0.0005,0.0,BTC-27MAR20-4500-P,8572.0,0.0,0.0,0.0,0.001,44.1,111.61,0.1696,-0.2991,-0.01557,0.0,-0.00235
8684.59,BTC-27MAR20,1583060344400,open,0.28,279.1,0.246,0.3095,0.27529212,67.07,0.2605,0.0,BTC-27MAR20-11000-P,8572.0,0.0,0.2275,1.1,0.0,0.0,0.0,4.30767,-5.58313,-7.18309,0.00012,-0.89142
8684.65,BTC-27MAR20,1583060344401,open,0.15,10.3,0.128,0.1755,0.15029892,59.21,0.174,0.0,BTC-27MAR20-7500-C,8572.0,40.72,0.1405,6.0,0.1715,6.0,88.03,5.54477,-6.34438,4.26796,0.00018,0.84352
8684.65,BTC-27MAR20,1583060344401,open,0.01,1163.8,0.0005,0.0235,0.00867351,67.06,0.0095,0.0,BTC-27MAR20-11000-C,8572.0,65.67,0.008,70.0,0.0095,24.1,68.69,4.30611,-5.57976,0.61477,0.00012,0.10853
8684.65,BTC-27MAR20,1583060344401,open,0.0,926.7,0.0005,0.0105,0.00089877,110.44,0.001,0.0,BTC-27MAR20-18000-C,8572.0,103.52,0.0005,86.4,0.0015,24.0,117.53,0.60906,-1.29981,0.05521,1e-05,0.00987
8944.72,BTC-26JUN20,1583060344401,open,1.93,0.0,1.8525,1.9915,1.91572272,97.05,None,0.0,BTC-26JUN20-26000-P,8572.0,0.0,0.0,0.0,0.0,0.0,0.0,5.01995,-2.08413,-82.14746,2e-05,-0.95239
8684.65,BTC-27MAR20,1583060344401,open,0.48,38.8,0.4715,0.493,0.48201878,90.93,0.5475,0.0,BTC-27MAR20-4500-C,8572.0,0.0,0.0,0.0,0.0,0.0,0.0,0.16501,-0.28993,3.17505,0.0,0.99772
8944.72,BTC-26JUN20,1583060344401,open,0.01,937.4,0.0005,0.0285,0.00894747,96.99,0.0075,0.0,BTC-26JUN20-26000-C,8572.0,95.24,0.008,44.0,0.01,40.0,98.8,5.00886,-2.07828,1.10363,2e-05,0.04748
8684.59,BTC-27MAR20,1583060344400,open,1.08,0.0,1.0325,1.1195,1.07354741,110.61,1.23,0.0,BTC-27MAR20-18000-P,8572.0,0.0,0.0125,1.0,0.0,0.0,0.0,0.61478,-1.31404,-12.70483,1e-05,-0.99003
8944.72,BTC-26JUN20,1583060344401,open,1.04,1.0,0.981,1.0935,1.03123884,82.26,0.9,0.0,BTC-26JUN20-18000-P,8572.0,0.0,0.001,2.0,0.0,0.0,0.0,9.02007,-3.17436,-55.25303,4e-05,-0.89788
8684.65,BTC-27MAR20,1583060344401,open,0.25,0.0,0.238,0.2755,0.25555793,69.45,None,0.0,BTC-27MAR20-6500-C,8572.0,0.0,0.2515,0.1,0.268,6.0,100.72,2.32809,-3.12426,4.28465,6e-05,0.95149
8944.72,BTC-26JUN20,1583060344401,open,0.45,14.3,0.4335,0.469,0.44926109,68.28,0.518,0.0,BTC-26JUN20-5000-C,8572.0,0.0,0.441,0.1,0.0,0.0,0.0,4.7719,-1.39385,14.49379,3e-05,0.9553
8944.72,BTC-26JUN20,1583060344401,open,0.41,142.3,0.3565,0.4585,0.40272639,70.41,0.408,0.0,BTC-26JUN20-12000-P,8572.0,0.0,0.005,0.8,0.6,0.6,160.26,17.46945,-5.26227,-31.72145,0.0001,-0.7048
8684.65,BTC-27MAR20,1583060344401,open,0.0,1091.7,0.0005,0.015,0.0039553,84.4,0.003,0.0,BTC-27MAR20-13000-C,8572.0,82.57,0.0035,24.0,0.0045,49.0,86.44,2.23942,-3.65233,0.26021,5e-05,0.04622
8944.72,BTC-26JUN20,1583060344401,open,0.06,576.1,0.0335,0.1,0.06113782,70.4,0.0595,0.0,BTC-26JUN20-12000-C,8572.0,69.82,0.06,4.0,0.0625,30.3,71.1,17.46848,-5.2614,6.70285,0.0001,0.29516
8944.72,BTC-26JUN20,1583060344401,open,0.01,626.2,0.0025,0.0345,0.01212539,90.07,0.0105,0.0,BTC-26JUN20-22000-C,8572.0,88.46,0.011,44.0,0.013,24.0,91.25,6.44746,-2.48423,1.52554,3e-05,0.06539
8684.65,BTC-27MAR20,1583060344401,open,0.0,527.6,0.0005,0.0105,4.566e-05,120.74,0.0005,0.0,BTC-27MAR20-26000-C,8572.0,0.0,0.0,0.0,0.001,25.0,157.59,0.04688,-0.10938,0.00327,0.0,0.00058
8944.72,BTC-26JUN20,1583060344402,open,1.7,0.0,1.634,1.7655,1.6933608,93.53,None,0.0,BTC-26JUN20-24000-P,8572.0,0.0,0.0,0.0,0.0,0.0,0.0,5.61185,-2.2454,-75.57363,2e-05,-0.94523
8684.65,BTC-27MAR20,1583060344402,open,0.0,2235.3,0.0005,0.0125,0.00295488,91.75,0.0025,0.0,BTC-27MAR20-14000-C,8572.0,89.34,0.0025,175.3,0.0035,49.0,94.36,1.72125,-3.05175,0.18772,4e-05,0.03345
8684.65,BTC-27MAR20,1583060344402,open,0.0,428.4,0.0005,0.0105,7.7e-07,121.62,0.0005,0.0,BTC-27MAR20-36000-C,8572.0,0.0,0.0,0.0,0.0005,111.0,183.28,0.0012,-0.00283,7e-05,0.0,1e-05
8944.72,BTC-26JUN20,1583060344402,open,0.01,506.1,0.0005,0.0205,0.00825633,68.29,0.009,0.0,BTC-26JUN20-5000-P,8572.0,66.84,0.0075,28.1,0.009,24.0,69.65,4.77372,-1.39462,-1.51736,3e-05,-0.04472
8944.72,BTC-26JUN20,1583060344402,open,0.02,642.7,0.009,0.041,0.0206443,64.61,0.0225,0.0,BTC-26JUN20-6000-P,8572.0,63.46,0.0195,58.0,0.022,24.0,65.95,8.95847,-2.47628,-3.4889,5e-05,-0.10117
8684.65,BTC-27MAR20,1583060344402,open,1.54,5.6,1.484,1.5875,1.53351829,121.9,1.545,0.0,BTC-27MAR20-22000-P,8572.0,0.0,0.0005,1.0,0.0,0.0,0.0,0.23993,-0.56514,-15.57699,0.0,-0.99655
8944.72,BTC-26JUN20,1583060344402,open,0.02,542.5,0.01,0.0555,0.02566099,78.17,0.027,0.0,BTC-26JUN20-16000-C,8572.0,77.22,0.0245,24.0,0.027,58.0,79.23,11.10453,-3.71329,3.1909,6e-05,0.13707
8684.65,BTC-27MAR20,1583060344402,open,0.2,583.8,0.1815,0.224,0.20151968,64.16,0.21,0.0,BTC-27MAR20-7000-C,8572.0,37.81,0.1945,6.0,0.2175,6.0,93.13,3.71936,-4.6108,4.369,0.00011,0.91115
8684.65,BTC-27MAR20,1583060344402,open,0.74,2.0,0.694,0.77,0.72915282,96.18,0.4565,0.0,BTC-27MAR20-15000-P,8572.0,0.0,0.0,0.0,0.0,0.0,0.0,1.23346,-2.29235,-10.50789,2e-05,-0.97757
8684.65,BTC-27MAR20,1583060344402,open,0.01,1223.5,0.004,0.0315,0.01390252,59.23,0.0145,0.0,BTC-27MAR20-7500-P,8572.0,58.6,0.0135,19.3,0.0145,38.7,60.16,5.54615,-6.34778,-1.04939,0.00018,-0.15654
8684.65,BTC-27MAR20,1583060344402,open,2.24,0.0,2.161,2.2905,2.22413907,130.45,None,0.0,BTC-27MAR20-28000-P,8572.0,0.0,0.0005,1.0,0.0,0.0,0.0,0.0557,-0.14041,-19.84594,0.0,-0.99931
8684.65,BTC-27MAR20,1583060344402,open,0.0,387.4,0.0005,0.0105,0.00091867,79.45,0.001,0.0,BTC-27MAR20-5500-P,8572.0,73.25,0.0005,68.0,0.0015,49.1,85.47,0.70921,-1.08881,-0.078,2e-05,-0.01175
8944.72,BTC-26JUN20,1583060344403,open,2.37,0.0,2.29,2.444,2.3606813,102.16,None,0.0,BTC-26JUN20-30000-P,8572.0,0.0,0.0,0.0,0.0,0.0,0.0,3.96541,-1.73307,-95.236,2e-05,-0.96441
8684.65,BTC-27MAR20,1583060344403,open,0.54,53.6,0.5295,0.549,0.53944292,89.85,0.5975,0.0,BTC-27MAR20-4000-C,8572.0,0.0,0.0,0.0,0.0,0.0,0.0,0.03258,-0.05655,2.83314,0.0,0.99961
8684.65,BTC-27MAR20,1583060344403,open,2.47,0.0,2.387,2.525,2.45442248,135.89,None,0.0,BTC-27MAR20-30000-P,8572.0,0.0,0.0005,1.0,0.0,0.0,0.0,0.04763,-0.12507,-21.2644,0.0,-0.99941
8684.65,BTC-27MAR20,1583060344403,open,0.0,871.8,0.0005,0.0115,0.00194562,96.02,0.0015,0.0,BTC-27MAR20-15000-C,8572.0,92.59,0.0015,49.3,0.0025,24.0,99.64,1.22448,-2.272,0.1249,2e-05,0.02223
8684.65,BTC-27MAR20,1583060344403,open,0.07,177.8,0.05,0.102,0.0693069,55.3,0.07,0.0,BTC-27MAR20-8500-C,8572.0,54.52,0.0685,0.1,0.07,0.5,55.97,9.00517,-9.62208,3.1867,0.0003,0.5869
8684.65,BTC-27MAR20,1583060344403,open,0.0,898.4,0.0005,0.0105,1.7e-07,122.0,0.0005,0.0,BTC-27MAR20-40000-C,8572.0,0.0,0.0,0.0,0.0005,0.1,194.74,0.00031,-0.00073,2e-05,0.0,0.0
8684.65,BTC-27MAR20,1583060344404,open,0.39,173.2,0.3565,0.423,0.38721557,75.81,0.318,0.0,BTC-27MAR20-12000-P,8572.0,0.0,0.1,1.0,0.0,0.0,0.0,2.98989,-4.37959,-8.13031,7e-05,-0.93334
8684.65,BTC-27MAR20,1583060344404,open,0.0,897.5,0.0005,0.0105,0.00071447,120.67,0.0005,0.0,BTC-27MAR20-20000-C,8572.0,116.23,0.0005,22.3,0.001,24.0,125.27,0.47509,-1.10779,0.04136,1e-05,0.00743
8684.59,BTC-27MAR20,1583060345406,open,0.08,1131.6,0.058,0.116,0.0811542,56.73,0.0735,0.0,BTC-27MAR20-9000-P,8571.95,55.63,0.08,3.0,0.0825,0.1,58.01,9.10657,-9.98295,-3.97088,0.0003,-0.56381
8684.59,BTC-27MAR20,1583060345407,open,0.0,556.6,0.0005,0.014,0.00401438,69.48,0.0045,0.0,BTC-27MAR20-6500-P,8571.95,67.5,0.0035,54.0,0.0045,32.1,71.24,2.33101,-3.1297,-0.32387,6e-05,-0.04859
8684.59,BTC-27MAR20,1583060346413,open,0.05,1241.5,0.0305,0.0815,0.04805375,55.3,0.0495,0.0,BTC-27MAR20-8500-P,8571.93,54.77,0.0475,0.1,0.05,20.5,57.18,9.00521,-9.62302,-2.8393,0.0003,-0.41312
8684.55,BTC-27MAR20,1583060347784,open,0.05,1241.5,0.0305,0.0815,0.04805375,55.3,0.0495,0.0,BTC-27MAR20-8500-P,8571.92,54.28,0.047,18.4,0.05,20.5,57.18,9.00523,-9.62269,-2.83936,0.0003,-0.41313
8944.65,BTC-26JUN20,1583060349433,open,0.04,91.2,0.0235,0.084,0.04738542,72.14,0.0475,0.0,BTC-26JUN20-13000-C,8572.0,71.34,0.046,4.0,0.049,31.3,73.06,15.67327,-4.83696,5.46763,8e-05,0.23828
8684.6,BTC-27MAR20,1583060349433,open,0.23,0.0,0.192,0.255,0.22126519,63.6,None,0.0,BTC-27MAR20-10500-P,8572.0,0.0,0.0,0.0,0.0,0.0,0.0,5.39238,-6.62722,-6.59522,0.00016,-0.84996
8684.6,BTC-27MAR20,1583060349433,open,0.12,55.3,0.0955,0.157,0.12172935,57.78,0.12,0.0,BTC-27MAR20-9500-P,8572.0,57.0,0.121,2.0,0.124,4.0,60.19,8.1147,-9.05996,-5.02045,0.00026,-0.69371
8684.6,BTC-27MAR20,1583060349433,open,0.01,49.7,0.0005,0.021,0.00694444,71.91,0.007,0.0,BTC-27MAR20-11500-C,8572.0,70.83,0.0065,1.6,0.0075,24.1,73.23,3.60546,-5.01022,0.48198,9e-05,0.08523
8944.65,BTC-26JUN20,1583060349433,open,0.08,112.7,0.049,0.121,0.07985037,68.49,0.08,0.0,BTC-26JUN20-11000-C,8572.0,68.09,0.079,3.5,0.081,0.1,69.03,19.05912,-5.58453,8.22349,0.00011,0.36697
8684.6,BTC-27MAR20,1583060349433,open,0.01,330.8,0.0025,0.0295,0.01222154,63.59,0.013,0.0,BTC-27MAR20-10500-C,8572.0,62.42,0.0115,53.0,0.013,24.0,64.83,5.39119,-6.6246,0.84821,0.00016,0.14999
8944.65,BTC-26JUN20,1583060349433,open,0.5,0.0,0.454,0.5575,0.50077629,72.14,None,0.0,BTC-26JUN20-13000-P,8572.0,0.0,0.0,0.0,0.0,0.0,0.0,15.67408,-4.83752,-36.15893,8e-05,-0.76169
8684.6,BTC-27MAR20,1583060349433,open,0.03,282.5,0.0135,0.0535,0.02783271,57.77,0.026,0.0,BTC-27MAR20-9500-C,8572.0,56.88,0.027,23.1,0.029,19.4,59.02,8.11438,-9.05855,1.71419,0.00026,0.30626
8684.6,BTC-27MAR20,1583060349433,open,0.34,0.0,0.301,0.3665,0.3311351,71.93,None,0.0,BTC-27MAR20-11500-P,8572.0,0.0,0.0,0.0,0.0,0.0,0.0,3.60743,-5.01424,-7.6703,9e-05,-0.91471
8684.6,BTC-27MAR20,1583060349433,open,0.0,2273.8,0.0005,0.011,0.00143275,100.94,0.0025,0.0,BTC-27MAR20-16000-C,8572.0,96.43,0.001,64.0,0.002,24.0,105.63,0.9362,-1.82611,0.09101,2e-05,0.01621
8944.65,BTC-26JUN20,1583060349433,open,0.31,0.0,0.265,0.3635,0.30964265,68.49,None,0.0,BTC-26JUN20-11000-P,8572.0,0.0,0.0,0.0,0.0,0.0,0.0,19.05934,-5.58486,-26.99915,0.00011,-0.63302
8684.6,BTC-27MAR20,1583060349434,open,0.03,1697.6,0.0135,0.053,0.02663987,56.62,0.0255,0.0,BTC-27MAR20-8000-P,8572.0,55.32,0.0255,23.2,0.0275,23.0,57.6,7.6118,-8.32849,-1.81172,0.00025,-0.26763
8684.6,BTC-27MAR20,1583060349433,open,0.01,1223.5,0.004,0.0315,0.01390605,59.24,0.0145,0.0,BTC-27MAR20-7500-P,8572.0,58.6,0.0135,19.3,0.0145,38.7,60.16,5.54664,-6.34879,-1.04955,0.00018,-0.15657
8944.65,BTC-26JUN20,1583060349434,open,2.6,0.0,2.509,2.671,2.58378638,105.11,None,0.0,BTC-26JUN20-32000-P,8572.0,0.0,0.0,0.0,0.0,0.0,0.0,3.67587,-1.65284,-101.71508,1e-05,-0.96754
8944.65,BTC-26JUN20,1583060349434,open,0.02,542.5,0.01,0.0555,0.0256637,78.17,0.027,0.0,BTC-26JUN20-16000-C,8572.0,77.22,0.0245,24.0,0.027,58.0,79.23,11.10493,-3.71356,3.19105,6e-05,0.13708
8684.6,BTC-27MAR20,1583060349434,open,0.37,22.4,0.354,0.3825,0.36760979,79.4,0.4285,0.0,BTC-27MAR20-5500-C,8572.0,0.0,0.0,0.0,0.0,0.0,0.0,0.7072,-1.08506,3.82133,2e-05,0.98829
8684.6,BTC-27MAR20,1583060349434,open,0.25,0.0,0.238,0.2755,0.25555752,69.46,None,0.0,BTC-27MAR20-6500-C,8572.0,0.0,0.2515,0.1,0.268,6.0,100.73,2.3293,-3.12648,4.28443,6e-05,0.95145
8684.6,BTC-27MAR20,1583060349434,open,0.0,1389.6,0.0005,0.0105,3.15e-05,91.28,0.0005,0.0,BTC-27MAR20-4000-P,8572.0,0.0,0.0,0.0,0.0005,9.9,118.93,0.03835,-0.06763,-0.00305,0.0,-0.00046
8684.6,BTC-27MAR20,1583060349434,open,0.01,2568.6,0.0005,0.018,0.00545136,75.76,0.006,0.0,BTC-27MAR20-12000-C,8572.0,74.42,0.005,43.0,0.006,24.1,77.32,2.98517,-4.37006,0.37603,7e-05,0.06653
8944.65,BTC-26JUN20,1583060349434,open,0.01,325.4,0.0005,0.026,0.00771232,99.67,0.0065,0.0,BTC-26JUN20-28000-C,8572.0,98.19,0.007,20.0,0.0085,24.0,101.21,4.43366,-1.89048,0.94809,2e-05,0.04081
8944.65,BTC-26JUN20,1583060349434,open,1.48,0.0,1.4155,1.54,1.47170395,90.08,None,0.0,BTC-26JUN20-22000-P,8572.0,0.0,0.001,2.0,0.0,0.0,0.0,6.44973,-2.48542,-68.91945,3e-05,-0.93458
8684.6,BTC-27MAR20,1583060349434,open,0.0,37.2,0.0005,0.0105,0.00018091,91.27,0.0005,0.0,BTC-27MAR20-4500-P,8572.0,0.0,0.0,0.0,0.001,44.1,111.61,0.16958,-0.29906,-0.01557,0.0,-0.00235
8684.6,BTC-27MAR20,1583060349434,open,0.02,1975.7,0.0065,0.0385,0.01838095,60.84,0.018,0.0,BTC-27MAR20-10000-C,8572.0,60.35,0.018,39.1,0.019,19.3,61.63,6.75406,-7.94025,1.20974,0.00021,0.21487
8944.65,BTC-26JUN20,1583060349434,open,0.04,756.6,0.017,0.071,0.03741835,73.88,0.036,0.0,BTC-26JUN20-14000-C,8572.0,72.96,0.036,50.8,0.039,32.3,74.89,13.91969,-4.39956,4.49016,7e-05,0.19419
8684.6,BTC-27MAR20,1583060349434,open,0.15,10.3,0.128,0.1755,0.15030345,59.23,0.174,0.0,BTC-27MAR20-7500-C,8572.0,40.73,0.1405,6.0,0.1715,6.0,88.03,5.54602,-6.34723,4.26757,0.00018,0.84346
8684.6,BTC-27MAR20,1583060349434,open,1.77,0.0,1.7095,1.821,1.7636406,121.99,None,0.0,BTC-27MAR20-24000-P,8572.0,0.0,0.0,0.0,0.0,0.0,0.0,0.11307,-0.26653,-17.00569,0.0,-0.9985
8684.6,BTC-27MAR20,1583060349434,open,3.62,1.4,3.516,3.6995,3.60584891,0.0,3.0435,0.0,BTC-27MAR20-40000-P,8572.0,0.0,0.0005,1.0,0.0,0.0,0.0,0.0,0.0,-28.35693,0.0,-1.0
8944.65,BTC-26JUN20,1583060349434,open,0.02,608.6,0.006,0.0455,0.01885081,82.24,0.018,0.0,BTC-26JUN20-18000-C,8572.0,80.87,0.0175,24.0,0.02,44.0,83.36,9.01332,-3.17095,2.3821,4e-05,0.10202
8944.67,BTC-26JUN20,1583060349434,open,0.01,1283.4,0.0005,0.031,0.01018437,93.48,0.01,0.0,BTC-26JUN20-24000-C,8572.0,91.52,0.009,44.0,0.0115,40.0,95.51,5.60225,-2.24045,1.27359,2e-05,0.05465
8944.67,BTC-26JUN20,1583060349434,open,0.01,2552.7,0.0005,0.023,0.00620885,105.06,0.0065,0.0,BTC-26JUN20-32000-C,8572.0,103.26,0.0055,219.9,0.007,41.0,106.91,3.66821,-1.64862,0.74951,1e-05,0.03238
8944.67,BTC-26JUN20,1583060349434,open,0.01,506.1,0.0005,0.0205,0.00825552,68.29,0.009,0.0,BTC-26JUN20-5000-P,8572.0,66.84,0.0075,28.1,0.009,24.0,69.65,4.77348,-1.39451,-1.51726,3e-05,-0.04472
8944.67,BTC-26JUN20,1583060349434,open,0.05,390.1,0.0265,0.0775,0.04722776,64.04,0.044,0.0,BTC-26JUN20-7000-P,8572.0,62.29,0.0445,23.3,0.0475,19.3,64.22,13.97869,-3.82996,-6.95336,9e-05,-0.19554
8944.67,BTC-26JUN20,1583060349434,open,0.09,492.0,0.0595,0.129,0.08972485,64.04,0.0875,0.0,BTC-26JUN20-8000-P,8572.0,62.43,0.0865,16.6,0.089,4.0,63.68,17.91536,-4.90858,-11.51614,0.00011,-0.31235
8684.6,BTC-27MAR20,1583060349434,open,0.74,2.0,0.694,0.77,0.72913956,96.01,0.4565,0.0,BTC-27MAR20-15000-P,8572.0,0.0,0.0,0.0,0.0,0.0,0.0,1.22392,-2.27075,-10.50901,2e-05,-0.97778
8684.6,BTC-27MAR20,1583060349434,open,0.01,1163.8,0.0005,0.0235,0.00867603,67.06,0.0095,0.0,BTC-27MAR20-11000-C,8572.0,65.68,0.008,70.0,0.0095,24.1,68.69,4.30661,-5.58094,0.61487,0.00012,0.10855
8684.6,BTC-27MAR20,1583060349434,open,1.08,0.0,1.0325,1.1195,1.07354526,110.62,1.23,0.0,BTC-27MAR20-18000-P,8572.0,0.0,0.0125,1.0,0.0,0.0,0.0,0.6149,-1.31432,-12.70482,1e-05,-0.99003
8684.6,BTC-27MAR20,1583060349434,open,0.54,53.6,0.5295,0.549,0.53944663,91.39,0.5975,0.0,BTC-27MAR20-4000-C,8572.0,0.0,0.0,0.0,0.0,0.0,0.0,0.03885,-0.06862,2.8326,0.0,0.99953
8944.67,BTC-26JUN20,1583060349434,open,2.37,0.0,2.29,2.444,2.36066695,102.09,None,0.0,BTC-26JUN20-30000-P,8572.0,0.0,0.0,0.0,0.0,0.0,0.0,3.9529,-1.72634,-95.23897,2e-05,-0.96454
8684.6,BTC-27MAR20,1583060349434,open,0.1,986.0,0.0835,0.1355,0.10546376,56.62,0.104,0.0,BTC-27MAR20-8000-C,8572.0,52.62,0.102,0.1,0.1055,0.1,56.66,7.61156,-8.32733,3.8598,0.00025,0.73239
8944.67,BTC-26JUN20,1583060349434,open,0.41,142.3,0.3565,0.4585,0.40273315,70.41,0.408,0.0,BTC-26JUN20-12000-P,8572.0,0.0,0.005,0.8,0.6,0.6,160.26,17.46925,-5.26223,-31.72157,0.0001,-0.70481
8684.6,BTC-27MAR20,1583060349434,open,0.01,1610.0,0.0005,0.0205,0.00754737,64.17,0.008,0.0,BTC-27MAR20-7000-P,8572.0,62.87,0.007,24.2,0.008,65.0,65.22,3.72108,-4.61417,-0.59385,0.00011,-0.08891
8684.6,BTC-27MAR20,1583060349434,open,0.17,902.3,0.141,0.2035,0.16985109,60.85,0.159,0.0,BTC-27MAR20-10000-P,8572.0,49.12,0.1615,6.1,0.2015,5.0,96.26,6.75477,-7.9422,-5.87929,0.00021,-0.78509
8684.6,BTC-27MAR20,1583060349434,open,0.0,387.4,0.0005,0.0105,0.00091837,79.45,0.001,0.0,BTC-27MAR20-5500-P,8572.0,73.25,0.0005,68.0,0.0015,49.1,85.47,0.70906,-1.08852,-0.07798,2e-05,-0.01175
8684.6,BTC-27MAR20,1583060349434,open,1.31,5.3,1.258,1.354,1.30365492,120.92,0.907,0.0,BTC-27MAR20-20000-P,8572.0,0.0,0.0005,1.0,0.0,0.0,0.0,0.48156,-1.12515,-14.13647,1e-05,-0.99245
8684.6,BTC-27MAR20,1583060349434,open,0.0,1425.2,0.0005,0.012,0.00225825,76.16,0.0025,0.0,BTC-27MAR20-6000-P,8572.0,74.56,0.002,24.0,0.0025,0.1,77.57,1.44655,-2.12887,-0.18086,4e-05,-0.02712
8944.67,BTC-26JUN20,1583060349434,open,0.01,937.4,0.0005,0.0285,0.00894811,96.99,0.0075,0.0,BTC-26JUN20-26000-C,8572.0,95.24,0.008,44.0,0.01,40.0,98.81,5.00903,-2.07838,1.10368,2e-05,0.04748
8684.6,BTC-27MAR20,1583060349434,open,0.0,221.1,0.0005,0.0105,1.62e-06,121.29,0.0005,0.0,BTC-27MAR20-34000-C,8572.0,0.0,0.0,0.0,0.0005,19.0,177.0,0.00238,-0.00559,0.00014,0.0,2e-05
8684.6,BTC-27MAR20,1583060349434,open,0.0,898.4,0.0005,0.0105,1.7e-07,121.99,0.0005,0.0,BTC-27MAR20-40000-C,8572.0,0.0,0.0,0.0,0.0005,0.1,194.74,0.00031,-0.00073,2e-05,0.0,0.0
8684.6,BTC-27MAR20,1583060349434,open,2.7,0.0,2.6125,2.7595,2.684708,135.38,None,0.0,BTC-27MAR20-32000-P,8572.0,0.0,0.0005,1.0,0.0,0.0,0.0,0.02503,-0.06547,-22.68389,0.0,-0.99971
8944.67,BTC-26JUN20,1583060349434,open,1.93,0.0,1.8525,1.9915,1.91572986,97.03,None,0.0,BTC-26JUN20-26000-P,8572.0,0.0,0.0,0.0,0.0,0.0,0.0,5.0168,-2.08248,-82.14826,2e-05,-0.95243
8684.6,BTC-27MAR20,1583060349434,open,0.0,428.4,0.0005,0.0105,7.6e-07,121.61,0.0005,0.0,BTC-27MAR20-36000-C,8572.0,0.0,0.0,0.0,0.0005,111.0,183.28,0.0012,-0.00283,7e-05,0.0,1e-05
8944.67,BTC-26JUN20,1583060349434,open,0.01,405.9,0.0005,0.024,0.00671032,102.08,0.0075,0.0,BTC-26JUN20-30000-C,8572.0,100.41,0.006,20.0,0.0075,24.0,103.8,3.95141,-1.72554,0.82289,2e-05,0.03544
8944.67,BTC-26JUN20,1583060349434,open,0.66,34.7,0.656,0.6755,0.66583858,86.49,0.708,0.0,BTC-26JUN20-3000-C,8572.0,0.0,0.0,0.0,0.0,0.0,0.0,0.94007,-0.34785,9.381,0.0,0.99337
8944.67,BTC-26JUN20,1583060349434,open,0.0,457.4,0.0005,0.0125,0.00269392,73.21,0.0035,0.0,BTC-26JUN20-4000-P,8572.0,69.82,0.002,73.0,0.0035,44.0,76.53,2.00287,-0.62728,-0.52933,1e-05,-0.01579
8684.6,BTC-27MAR20,1583060349434,open,2.93,0.0,2.8385,2.9945,2.91500009,140.79,None,0.0,BTC-27MAR20-34000-P,8572.0,0.0,0.0005,1.0,0.0,0.0,0.0,0.02372,-0.06453,-24.10183,0.0,-0.99972
8684.6,BTC-27MAR20,1583060349434,open,0.48,38.8,0.4715,0.493,0.48201935,91.11,0.5475,0.0,BTC-27MAR20-4500-C,8572.0,0.0,0.0,0.0,0.0,0.0,0.0,0.1675,-0.29489,3.1748,0.0,0.99768
8944.67,BTC-26JUN20,1583060349436,open,0.06,576.1,0.0335,0.1,0.06114158,70.41,0.0595,0.0,BTC-26JUN20-12000-C,8572.0,69.82,0.06,4.0,0.0625,30.3,71.1,17.46858,-5.26162,6.70291,0.0001,0.29517
8684.6,BTC-27MAR20,1583060349434,open,0.04,1733.7,0.027,0.075,0.04482709,56.72,0.044,0.0,BTC-27MAR20-9000-C,8572.0,55.93,0.044,1.0,0.0455,14.4,57.36,9.10652,-9.98135,2.40938,0.0003,0.43617
8944.67,BTC-26JUN20,1583060349436,open,0.82,7.0,0.766,0.8745,0.81444122,78.17,0.79,0.0,BTC-26JUN20-16000-P,8572.0,0.0,0.001,2.0,0.0,0.0,0.0,11.1055,-3.71385,-48.04193,6e-05,-0.86291
8944.67,BTC-26JUN20,1583060349435,open,0.45,14.3,0.4335,0.469,0.44925903,68.28,0.518,0.0,BTC-26JUN20-5000-C,8572.0,0.0,0.441,0.1,0.0,0.0,0.0,4.77221,-1.39397,14.49366,3e-05,0.9553
8944.67,BTC-26JUN20,1583060349435,open,0.01,1315.4,0.0045,0.039,0.01475893,86.23,0.016,0.0,BTC-26JUN20-20000-C,8572.0,84.7,0.0135,24.0,0.016,44.0,87.67,7.52397,-2.77553,1.86829,3e-05,0.07999
8944.67,BTC-26JUN20,1583060349436,open,0.61,12.5,0.5555,0.66,0.60259907,73.88,0.56,0.0,BTC-26JUN20-14000-P,8572.0,0.0,0.001,2.0,0.0,0.0,0.0,13.92011,-4.39978,-40.33869,7e-05,-0.8058
8944.67,BTC-26JUN20,1583060349436,open,1.04,1.0,0.981,1.0935,1.03123817,82.25,0.9,0.0,BTC-26JUN20-18000-P,8572.0,0.0,0.001,2.0,0.0,0.0,0.0,9.01713,-3.17288,-55.25399,4e-05,-0.89792
8684.6,BTC-27MAR20,1583060349436,open,1.54,5.6,1.484,1.587,1.53349796,120.58,1.545,0.0,BTC-27MAR20-22000-P,8572.0,0.0,0.0005,1.0,0.0,0.0,0.0,0.21926,-0.51085,-15.5788,0.0,-0.99688
8944.67,BTC-26JUN20,1583060349436,open,0.19,256.8,0.1615,0.2345,0.19533377,64.04,0.1935,0.0,BTC-26JUN20-8000-C,8572.0,61.88,0.191,15.0,0.1975,14.6,65.12,17.91533,-4.90843,14.10059,0.00011,0.68765
8684.6,BTC-27MAR20,1583060349436,open,0.0,2235.3,0.0005,0.0125,0.00295586,91.76,0.0025,0.0,BTC-27MAR20-14000-C,8572.0,89.34,0.0025,175.3,0.0035,49.0,94.36,1.72159,-3.05253,0.18777,4e-05,0.03345
8684.6,BTC-27MAR20,1583060349436,open,0.07,177.8,0.05,0.102,0.06930514,55.3,0.07,0.0,BTC-27MAR20-8500-C,8572.0,54.52,0.0685,0.1,0.07,0.5,55.97,9.0052,-9.62232,3.1866,0.0003,0.58689
8684.6,BTC-27MAR20,1583060349436,open,3.16,0.1,3.0645,3.2295,3.14529327,146.23,2.64,0.0,BTC-27MAR20-36000-P,8572.0,0.0,0.0005,1.0,0.0,0.0,0.0,0.0234,-0.06613,-25.51971,0.0,-0.99973
8684.6,BTC-27MAR20,1583060349436,open,0.28,279.1,0.246,0.3095,0.27529319,67.08,0.2605,0.0,BTC-27MAR20-11000-P,8572.0,0.0,0.2275,1.1,0.0,0.0,0.0,4.30826,-5.5843,-7.18298,0.00012,-0.8914
8684.6,BTC-27MAR20,1583060349436,open,0.0,871.8,0.0005,0.0115,0.00194614,96.03,0.0015,0.0,BTC-27MAR20-15000-C,8572.0,92.59,0.0015,49.3,0.0025,24.0,99.64,1.22468,-2.27248,0.12493,2e-05,0.02224
8684.6,BTC-27MAR20,1583060349436,open,0.0,897.5,0.0005,0.0105,0.00071464,120.68,0.0005,0.0,BTC-27MAR20-20000-C,8572.0,116.23,0.0005,22.3,0.001,24.0,125.28,0.47517,-1.10802,0.04137,1e-05,0.00743
8684.6,BTC-27MAR20,1583060349436,open,0.0,329.6,0.0005,0.0105,0.00011227,120.71,0.0005,0.0,BTC-27MAR20-24000-C,8572.0,0.0,0.0,0.0,0.001,25.0,147.89,0.10184,-0.23753,0.00756,0.0,0.00134
8684.6,BTC-27MAR20,1583060349436,open,2.47,0.0,2.387,2.525,2.45439464,116.45,None,0.0,BTC-27MAR20-30000-P,8572.0,0.0,0.0005,1.0,0.0,0.0,0.0,0.00573,-0.01289,-21.26735,0.0,-0.99994
8944.67,BTC-26JUN20,1583060349436,open,0.1,935.9,0.071,0.1465,0.10457223,65.93,0.1045,0.0,BTC-26JUN20-10000-C,8572.0,65.45,0.1035,16.9,0.106,0.1,66.56,20.06532,-5.65931,10.04387,0.00012,0.45525
8684.6,BTC-27MAR20,1583060349436,open,0.0,707.3,0.0005,0.0105,0.00072587,91.23,0.001,0.0,BTC-27MAR20-5000-P,8572.0,87.01,0.0005,3.0,0.001,49.1,95.29,0.52481,-0.92515,-0.05571,1e-05,-0.00832
8684.6,BTC-27MAR20,1583060349436,open,0.51,3.0,0.469,0.5385,0.50086755,84.44,0.33,0.0,BTC-27MAR20-13000-P,8572.0,0.0,0.15,0.2,0.0,0.0,0.0,2.24259,-3.65917,-8.95535,5e-05,-0.9537
8944.67,BTC-26JUN20,1583060349436,open,1.26,0.1,1.1975,1.316,1.25073033,86.23,1.85,0.0,BTC-26JUN20-20000-P,8572.0,0.0,0.001,2.0,0.0,0.0,0.0,7.52478,-2.77594,-62.17295,3e-05,-0.92
8944.67,BTC-26JUN20,1583060349436,open,0.01,626.2,0.0025,0.0345,0.01211975,90.06,0.0105,0.0,BTC-26JUN20-22000-C,8572.0,88.46,0.011,44.0,0.013,24.0,91.26,6.44569,-2.48334,1.52504,3e-05,0.06537
8684.6,BTC-27MAR20,1583060349436,open,0.0,267.1,0.0005,0.0105,3.55e-06,121.05,0.0005,0.0,BTC-27MAR20-32000-C,8572.0,0.0,0.0,0.0,0.0005,2.3,170.29,0.00487,-0.01138,0.00029,0.0,5e-05
8684.6,BTC-27MAR20,1583060349436,open,0.85,21.2,0.8065,0.886,0.84378498,101.04,0.501,0.0,BTC-27MAR20-16000-P,8572.0,0.0,0.0055,0.1,0.0,0.0,0.0,0.94089,-1.83705,-11.25124,2e-05,-0.98369
8944.67,BTC-26JUN20,1583060349437,open,0.35,72.7,0.3275,0.3765,0.34985609,64.61,0.44,0.0,BTC-26JUN20-6000-C,8572.0,34.9,0.3305,0.1,0.0,0.0,0.0,8.95887,-2.47646,15.7233,5e-05,0.89883
8944.67,BTC-26JUN20,1583060349436,open,0.22,858.7,0.1805,0.273,0.2225652,65.93,0.2255,0.0,BTC-26JUN20-10000-P,8572.0,64.56,0.2195,0.1,0.2285,0.1,68.58,20.06538,-5.65966,-21.97679,0.00012,-0.54474
8684.6,BTC-27MAR20,1583060349436,open,0.39,173.2,0.3565,0.423,0.3872064,75.76,0.318,0.0,BTC-27MAR20-12000-P,8572.0,0.0,0.1,1.0,0.0,0.0,0.0,2.98482,-4.36937,-8.1311,7e-05,-0.93348
8684.6,BTC-27MAR20,1583060349437,open,0.0,242.0,0.0005,0.0105,1.897e-05,120.79,0.0005,0.0,BTC-27MAR20-28000-C,8572.0,0.0,0.0,0.0,0.001,44.0,166.46,0.02171,-0.05066,0.00143,0.0,0.00025
8684.6,BTC-27MAR20,1583060349437,open,0.62,69.6,0.5815,0.6545,0.61500292,91.75,0.59,0.0,BTC-27MAR20-14000-P,8572.0,0.0,0.004,0.1,0.0,0.0,0.0,1.72092,-3.05104,-9.73724,4e-05,-0.96656
8684.6,BTC-27MAR20,1583060349437,open,0.2,583.8,0.1815,0.224,0.20152317,64.17,0.21,0.0,BTC-27MAR20-7000-C,8572.0,37.86,0.1945,6.0,0.2175,6.0,93.14,3.72113,-4.61428,4.3686,0.00011,0.91109
8944.67,BTC-26JUN20,1583060349437,open,2.15,0.0,2.071,2.2175,2.13807188,99.68,None,0.0,BTC-26JUN20-28000-P,8572.0,0.0,0.0,0.0,0.0,0.0,0.0,4.43502,-1.8912,-88.70964,2e-05,-0.95917
8944.67,BTC-26JUN20,1583060349437,open,0.02,642.7,0.009,0.041,0.02064737,64.62,0.0225,0.0,BTC-26JUN20-6000-P,8572.0,63.46,0.0195,58.0,0.022,24.0,65.95,8.95898,-2.47652,-3.48922,5e-05,-0.10118
8944.67,BTC-26JUN20,1583060349437,open,0.14,952.4,0.1065,0.1825,0.14115912,64.04,0.1415,0.0,BTC-26JUN20-9000-C,8572.0,63.52,0.14,16.0,0.1425,1.0,64.64,19.92218,-5.45817,12.14531,0.00012,0.56521
8944.67,BTC-26JUN20,1583060349437,open,1.7,0.0,1.634,1.7655,1.69334982,93.49,None,0.0,BTC-26JUN20-24000-P,8572.0,0.0,0.0,0.0,0.0,0.0,0.0,5.60333,-2.24101,-75.5759,2e-05,-0.94534
8684.6,BTC-27MAR20,1583060349437,open,2.24,0.0,2.161,2.29,2.22411308,119.17,None,0.0,BTC-27MAR20-28000-P,8572.0,0.0,0.0005,1.0,0.0,0.0,0.0,0.01811,-0.04169,-19.84867,0.0,-0.99979
8944.67,BTC-26JUN20,1583060349437,open,0.26,126.5,0.2355,0.2985,0.2646363,64.04,0.285,0.0,BTC-26JUN20-7000-C,8572.0,61.05,0.26,1.0,0.2905,7.0,79.92,13.97854,-3.82983,15.46133,9e-05,0.80446
8684.6,BTC-27MAR20,1583060349437,open,0.0,1091.7,0.0005,0.015,0.00395666,84.41,0.003,0.0,BTC-27MAR20-13000-C,8572.0,82.57,0.0035,24.0,0.0045,49.0,86.44,2.23985,-3.65329,0.26027,5e-05,0.04623
8684.6,BTC-27MAR20,1583060349437,open,0.0,374.5,0.0005,0.0105,0.00028115,120.69,0.001,0.0,BTC-27MAR20-22000-C,8572.0,0.0,0.0,0.0,0.001,19.0,137.19,0.22101,-0.51543,0.01766,0.0,0.00315
8684.6,BTC-27MAR20,1583060349437,open,2.0,0.0,1.9355,2.0555,1.99384735,120.08,None,0.0,BTC-27MAR20-26000-P,8572.0,0.0,0.001,1.0,0.0,0.0,0.0,0.04398,-0.10206,-18.42895,0.0,-0.99946
8684.62,BTC-27MAR20,1583060349439,open,0.0,154.1,0.0005,0.0105,8.08e-06,120.89,0.0005,0.0,BTC-27MAR20-30000-C,8572.0,0.0,0.0,0.0,0.001,44.0,174.63,0.01018,-0.02378,0.00064,0.0,0.00011
8684.62,BTC-27MAR20,1583060349439,open,0.31,32.7,0.296,0.329,0.31138073,76.16,0.3165,0.0,BTC-27MAR20-6000-C,8572.0,0.0,0.2985,7.0,0.321,7.0,109.92,1.44617,-2.12815,4.07274,4e-05,0.97289
8684.62,BTC-27MAR20,1583060349439,open,0.42,35.7,0.413,0.4385,0.42499471,91.22,0.4975,0.0,BTC-27MAR20-5000-C,8572.0,0.0,0.0,0.0,0.0,0.0,0.0,0.52445,-0.9244,3.48895,1e-05,0.99168
8944.67,BTC-26JUN20,1583060349440,open,0.0,330.7,0.0005,0.011,0.00123642,86.52,0.001,0.0,BTC-26JUN20-3000-P,8572.0,84.11,0.001,0.3,0.0015,20.0,88.86,0.94138,-0.34843,-0.22559,0.0,-0.00664
8684.62,BTC-27MAR20,1583060349440,open,0.0,527.6,0.0005,0.0105,4.567e-05,120.74,0.0005,0.0,BTC-27MAR20-26000-C,8572.0,0.0,0.0,0.0,0.001,25.0,157.59,0.04689,-0.10939,0.00327,0.0,0.00058
8684.62,BTC-27MAR20,1583060349440,open,0.0,926.7,0.0005,0.0105,0.00089907,110.45,0.001,0.0,BTC-27MAR20-18000-C,8572.0,103.52,0.0005,86.4,0.0015,24.0,117.53,0.6092,-1.30016,0.05522,1e-05,0.00987
8944.67,BTC-26JUN20,1583060349441,open,0.55,21.6,0.5445,0.569,0.55549961,73.21,0.612,0.0,BTC-26JUN20-4000-C,8572.0,0.0,0.0,0.0,0.0,0.0,0.0,2.00259,-0.62717,12.27906,1e-05,0.98422
8944.67,BTC-26JUN20,1583060349441,open,0.15,752.5,0.1105,0.193,0.14734889,64.04,0.148,0.0,BTC-26JUN20-9000-P,8572.0,63.66,0.1465,0.1,0.15,4.0,65.23,19.92216,-5.45831,-16.6734,0.00012,-0.43479
8684.61,BTC-27MAR20,1583060350441,open,0.08,1131.6,0.058,0.116,0.08115022,56.73,0.0735,0.0,BTC-27MAR20-9000-P,8572.1,55.63,0.08,3.0,0.0825,0.1,58.02,9.1066,-9.98255,-3.97086,0.0003,-0.56381
8684.61,BTC-27MAR20,1583060350442,open,0.0,556.6,0.0005,0.014,0.00401311,69.48,0.0045,0.0,BTC-27MAR20-6500-P,8572.1,67.5,0.0035,54.0,0.0045,32.1,71.24,2.33061,-3.12898,-0.3238,6e-05,-0.04858
8944.76,BTC-26JUN20,1583060350550,open,0.15,752.5,0.1105,0.193,0.14734889,64.05,0.148,0.0,BTC-26JUN20-9000-P,8572.1,63.67,0.1465,0.1,0.1495,1.0,65.01,19.92224,-5.45856,-16.67317,0.00012,-0.43478
8684.66,BTC-27MAR20,1583060352127,open,0.05,1241.5,0.0305,0.0815,0.04805157,55.3,0.0495,0.0,BTC-27MAR20-8500-P,8572.06,54.29,0.047,38.9,0.05,20.5,57.18,9.00518,-9.62325,-2.83919,0.0003,-0.4131
8684.7,BTC-27MAR20,1583060352128,open,0.01,2568.6,0.0005,0.018,0.00545136,75.76,0.006,0.0,BTC-27MAR20-12000-C,8572.06,74.41,0.005,68.0,0.006,24.1,77.31,2.98525,-4.37006,0.37604,7e-05,0.06653
8684.65,BTC-27MAR20,1583060352639,open,0.01,2568.6,0.0005,0.018,0.00545136,75.76,0.006,0.0,BTC-27MAR20-12000-C,8572.12,74.42,0.005,43.0,0.006,24.1,77.31,2.9852,-4.37006,0.37603,7e-05,0.06653
8684.67,BTC-27MAR20,1583060355475,open,0.03,282.5,0.0135,0.0535,0.02783911,57.78,0.026,0.0,BTC-27MAR20-9500-C,8571.99,56.88,0.027,23.1,0.029,19.4,59.02,8.11487,-9.05979,1.71438,0.00026,0.30629
8684.67,BTC-27MAR20,1583060355475,open,0.23,0.0,0.192,0.255,0.22125321,63.6,None,0.0,BTC-27MAR20-10500-P,8571.99,0.0,0.0,0.0,0.0,0.0,0.0,5.39212,-6.62634,-6.59528,0.00016,-0.84997
8944.7,BTC-26JUN20,1583060355475,open,0.04,91.2,0.0235,0.084,0.04739068,72.14,0.0475,0.0,BTC-26JUN20-13000-C,8571.99,71.34,0.046,4.0,0.049,31.3,73.05,15.67393,-4.83733,5.46796,8e-05,0.2383
8944.7,BTC-26JUN20,1583060355475,open,0.31,0.0,0.265,0.3635,0.30962969,68.49,None,0.0,BTC-26JUN20-11000-P,8571.99,0.0,0.0,0.0,0.0,0.0,0.0,19.05929,-5.58456,-26.99919,0.00011,-0.63303
8944.7,BTC-26JUN20,1583060355475,open,0.5,0.0,0.454,0.5575,0.50075718,72.14,None,0.0,BTC-26JUN20-13000-P,8571.99,0.0,0.0,0.0,0.0,0.0,0.0,15.67312,-4.83677,-36.15941,8e-05,-0.76172
8944.7,BTC-26JUN20,1583060355475,open,0.08,112.7,0.049,0.121,0.07985804,68.49,0.08,0.0,BTC-26JUN20-11000-C,8571.99,68.09,0.079,3.5,0.081,0.1,69.03,19.05951,-5.58488,8.22379,0.00011,0.36699
8684.67,BTC-27MAR20,1583060355475,open,0.34,0.0,0.301,0.3665,0.33112166,71.92,None,0.0,BTC-27MAR20-11500-P,8571.99,0.0,0.0,0.0,0.0,0.0,0.0,3.60679,-5.01278,-7.67041,9e-05,-0.91473
8684.67,BTC-27MAR20,1583060355475,open,0.01,49.7,0.0005,0.021,0.00694624,71.92,0.007,0.0,BTC-27MAR20-11500-C,8571.99,70.82,0.0065,1.6,0.0075,24.1,73.23,3.60601,-5.01117,0.48207,9e-05,0.08525
8684.67,BTC-27MAR20,1583060355475,open,0.0,221.1,0.0005,0.0105,1.62e-06,121.29,0.0005,0.0,BTC-27MAR20-34000-C,8571.99,0.0,0.0,0.0,0.0005,19.0,177.0,0.00238,-0.00559,0.00014,0.0,2e-05
8944.7,BTC-26JUN20,1583060355476,open,1.48,0.0,1.4155,1.54,1.47167688,90.06,None,0.0,BTC-26JUN20-22000-P,8571.99,0.0,0.001,2.0,0.0,0.0,0.0,6.44575,-2.48336,-68.92057,3e-05,-0.93463
8684.67,BTC-27MAR20,1583060355476,open,0.04,1733.7,0.027,0.075,0.04482998,56.72,0.044,0.0,BTC-27MAR20-9000-C,8571.99,55.93,0.044,1.0,0.0455,14.4,57.36,9.10667,-9.98146,2.40951,0.0003,0.43619
8684.67,BTC-27MAR20,1583060355476,open,1.08,0.0,1.0325,1.1195,1.0735216,110.52,1.23,0.0,BTC-27MAR20-18000-P,8571.99,0.0,0.0125,1.0,0.0,0.0,0.0,0.61157,-1.30604,-12.70515,1e-05,-0.99009
8684.67,BTC-27MAR20,1583060355476,open,2.7,0.0,2.6125,2.7595,2.68464011,0.0,None,0.0,BTC-27MAR20-32000-P,8571.99,0.0,0.0005,1.0,0.0,0.0,0.0,0.0,0.0,-22.68554,0.0,-1.0
8684.67,BTC-27MAR20,1583060355476,open,0.01,1610.0,0.0005,0.0205,0.0075452,64.17,0.008,0.0,BTC-27MAR20-7000-P,8571.99,62.88,0.007,24.2,0.008,65.0,65.22,3.72057,-4.6133,-0.59374,0.00011,-0.08889
8944.7,BTC-26JUN20,1583060355476,open,0.09,492.0,0.0595,0.129,0.0897223,64.04,0.0875,0.0,BTC-26JUN20-8000-P,8571.99,62.43,0.0865,16.6,0.089,4.0,63.68,17.91533,-4.90853,-11.516,0.00011,-0.31235
8944.7,BTC-26JUN20,1583060355476,open,0.66,34.7,0.656,0.6755,0.66584181,86.51,0.708,0.0,BTC-26JUN20-3000-C,8571.99,0.0,0.0,0.0,0.0,0.0,0.0,0.94114,-0.34833,9.3807,0.0,0.99336
8684.67,BTC-27MAR20,1583060355476,open,0.0,1389.6,0.0005,0.0105,3.149e-05,91.27,0.0005,0.0,BTC-27MAR20-4000-P,8571.99,0.0,0.0,0.0,0.0005,9.9,118.94,0.03834,-0.06761,-0.00305,0.0,-0.00046
8684.67,BTC-27MAR20,1583060355476,open,0.39,173.2,0.3565,0.423,0.3871919,75.75,0.318,0.0,BTC-27MAR20-12000-P,8571.99,0.0,0.1,1.0,0.0,0.0,0.0,2.98389,-4.36735,-8.13125,7e-05,-0.93351
8944.7,BTC-26JUN20,1583060355476,open,0.0,457.4,0.0005,0.0125,0.00269358,73.21,0.0035,0.0,BTC-26JUN20-4000-P,8571.99,69.82,0.002,73.0,0.0035,44.0,76.53,2.00272,-0.62722,-0.52928,1e-05,-0.01579
8944.7,BTC-26JUN20,1583060355476,open,0.22,858.7,0.1805,0.273,0.22256088,65.93,0.2255,0.0,BTC-26JUN20-10000-P,8571.99,64.57,0.2195,0.1,0.2285,0.1,68.58,20.06546,-5.65961,-21.9767,0.00012,-0.54474
8684.67,BTC-27MAR20,1583060355476,open,0.0,1425.2,0.0005,0.012,0.00225739,76.16,0.0025,0.0,BTC-27MAR20-6000-P,8571.99,74.56,0.002,24.0,0.0025,0.1,77.57,1.44621,-2.12827,-0.18081,4e-05,-0.02711
8944.7,BTC-26JUN20,1583060355476,open,0.02,608.6,0.006,0.0455,0.01884921,82.23,0.018,0.0,BTC-26JUN20-18000-C,8571.99,80.87,0.0175,24.0,0.02,44.0,83.36,9.01302,-3.17076,2.382,4e-05,0.10202
8944.7,BTC-26JUN20,1583060355476,open,0.01,325.4,0.0005,0.026,0.00771294,99.67,0.0065,0.0,BTC-26JUN20-28000-C,8571.99,98.19,0.007,20.0,0.0085,24.0,101.21,4.43392,-1.89061,0.94816,2e-05,0.04082
8684.67,BTC-27MAR20,1583060355476,open,0.01,330.8,0.0025,0.0295,0.01222349,63.59,0.013,0.0,BTC-27MAR20-10500-C,8571.99,62.41,0.0115,53.0,0.013,24.0,64.83,5.39164,-6.62528,0.84831,0.00016,0.15001
8684.67,BTC-27MAR20,1583060355476,open,0.0,527.6,0.0005,0.0105,4.567e-05,120.74,0.0005,0.0,BTC-27MAR20-26000-C,8571.99,0.0,0.0,0.0,0.001,25.0,157.59,0.04689,-0.10941,0.00327,0.0,0.00058
8944.7,BTC-26JUN20,1583060355476,open,0.01,1315.4,0.0045,0.039,0.01475926,86.23,0.016,0.0,BTC-26JUN20-20000-C,8571.99,84.7,0.0135,24.0,0.016,44.0,87.67,7.5241,-2.77558,1.86832,3e-05,0.07999
8684.67,BTC-27MAR20,1583060355478,open,0.0,871.8,0.0005,0.0115,0.00194675,96.03,0.0015,0.0,BTC-27MAR20-15000-C,8571.99,92.59,0.0015,49.3,0.0025,24.0,99.64,1.22495,-2.27305,0.12496,2e-05,0.02224
8944.7,BTC-26JUN20,1583060355476,open,0.06,576.1,0.0335,0.1,0.06114751,70.41,0.0595,0.0,BTC-26JUN20-12000-C,8571.99,69.82,0.06,4.0,0.0625,30.3,71.1,17.46905,-5.26197,6.7032,0.0001,0.29518
8684.67,BTC-27MAR20,1583060355476,open,0.1,986.0,0.0835,0.1355,0.10547259,56.62,0.104,0.0,BTC-27MAR20-8000-C,8571.99,52.62,0.102,0.1,0.1055,0.1,56.65,7.61153,-8.32794,3.85981,0.00025,0.73239
8684.67,BTC-27MAR20,1583060355476,open,0.0,556.6,0.0005,0.014,0.00401157,69.47,0.0045,0.0,BTC-27MAR20-6500-P,8571.99,67.5,0.0035,54.0,0.0045,32.1,71.24,2.33013,-3.12813,-0.32372,6e-05,-0.04857
8684.67,BTC-27MAR20,1583060355476,open,0.48,38.8,0.4715,0.493,0.48202883,91.39,0.5475,0.0,BTC-27MAR20-4500-C,8571.99,0.0,0.0,0.0,0.0,0.0,0.0,0.17119,-0.3023,3.17442,0.0,0.99763
8684.67,BTC-27MAR20,1583060355476,open,0.0,2273.8,0.0005,0.011,0.0014332,100.95,0.0025,0.0,BTC-27MAR20-16000-C,8571.99,96.43,0.001,64.0,0.002,24.0,105.63,0.93641,-1.82657,0.09103,2e-05,0.01622
8944.7,BTC-26JUN20,1583060355476,open,0.01,1283.4,0.0005,0.031,0.01018521,93.48,0.01,0.0,BTC-26JUN20-24000-C,8571.99,91.52,0.009,44.0,0.0115,40.0,95.51,5.60256,-2.2406,1.27367,2e-05,0.05465
8944.7,BTC-26JUN20,1583060355476,open,0.01,2552.7,0.0005,0.023,0.00620934,105.06,0.0065,0.0,BTC-26JUN20-32000-C,8571.99,103.26,0.0055,219.9,0.007,41.0,106.91,3.66842,-1.64874,0.74955,1e-05,0.03238
8684.67,BTC-27MAR20,1583060355476,open,2.93,0.0,2.8385,2.995,2.91495501,134.0,None,0.0,BTC-27MAR20-34000-P,8571.99,0.0,0.0005,1.0,0.0,0.0,0.0,0.01193,-0.0309,-24.10264,0.0,-0.99987
8684.67,BTC-27MAR20,1583060355476,open,3.62,1.4,3.5155,3.6995,3.60579588,0.0,3.0435,0.0,BTC-27MAR20-40000-P,8571.99,0.0,0.0005,1.0,0.0,0.0,0.0,0.0,0.0,-28.35693,0.0,-1.0
8684.67,BTC-27MAR20,1583060355477,open,2.0,0.0,1.9355,2.0555,1.99381288,117.8,None,0.0,BTC-27MAR20-26000-P,8571.99,0.0,0.001,1.0,0.0,0.0,0.0,0.03497,-0.07959,-18.42961,0.0,-0.99958
8684.67,BTC-27MAR20,1583060355476,open,0.0,154.1,0.0005,0.0105,8.08e-06,120.89,0.0005,0.0,BTC-27MAR20-30000-C,8571.99,0.0,0.0,0.0,0.001,44.0,174.63,0.01018,-0.02377,0.00064,0.0,0.00011
8944.7,BTC-26JUN20,1583060355477,open,0.02,642.7,0.009,0.041,0.02064793,64.62,0.0225,0.0,BTC-26JUN20-6000-P,8571.99,63.46,0.0195,58.0,0.022,24.0,65.95,8.95906,-2.47657,-3.48927,5e-05,-0.10118
8684.67,BTC-27MAR20,1583060355476,open,0.0,2235.3,0.0005,0.0125,0.00295657,91.76,0.0025,0.0,BTC-27MAR20-14000-C,8571.99,89.34,0.0025,175.3,0.0035,49.0,94.36,1.72187,-3.05311,0.1878,4e-05,0.03346
8684.67,BTC-27MAR20,1583060355476,open,0.0,926.7,0.0005,0.0105,0.00089928,110.45,0.001,0.0,BTC-27MAR20-18000-C,8571.99,103.52,0.0005,86.4,0.0015,24.0,117.53,0.60931,-1.30041,0.05523,1e-05,0.00987
8944.7,BTC-26JUN20,1583060355477,open,2.6,0.0,2.509,2.671,2.58375088,105.07,None,0.0,BTC-26JUN20-32000-P,8571.99,0.0,0.0,0.0,0.0,0.0,0.0,3.66995,-1.64958,-101.71645,1e-05,-0.9676
8944.57,BTC-26JUN20,1583060355478,open,0.41,142.3,0.3565,0.4585,0.40272402,70.4,0.408,0.0,BTC-26JUN20-12000-P,8571.99,0.0,0.005,0.8,0.6,0.6,160.25,17.46741,-5.26085,-31.72268,0.0001,-0.70487
8684.67,BTC-27MAR20,1583060355478,open,0.02,1975.7,0.0065,0.0385,0.01838682,60.85,0.018,0.0,BTC-27MAR20-10000-C,8571.99,60.35,0.018,39.1,0.019,19.3,61.63,6.75483,-7.94188,1.20996,0.00021,0.21491
8944.57,BTC-26JUN20,1583060355478,open,0.05,390.1,0.0265,0.0775,0.04722649,64.04,0.044,0.0,BTC-26JUN20-7000-P,8571.99,62.29,0.0445,23.3,0.0475,19.3,64.22,13.97866,-3.8298,-6.95333,9e-05,-0.19555
8684.67,BTC-27MAR20,1583060355478,open,0.85,21.2,0.8065,0.886,0.84375148,100.87,0.501,0.0,BTC-27MAR20-16000-P,8571.99,0.0,0.0055,0.1,0.0,0.0,0.0,0.93265,-1.81781,-11.25215,2e-05,-0.98386
8684.67,BTC-27MAR20,1583060355478,open,1.77,0.0,1.7095,1.821,1.76358972,119.57,None,0.0,BTC-27MAR20-24000-P,8571.99,0.0,0.0,0.0,0.0,0.0,0.0,0.09259,-0.21393,-17.00733,0.0,-0.99879
8684.67,BTC-27MAR20,1583060355478,open,0.0,898.4,0.0005,0.0105,1.7e-07,121.98,0.0005,0.0,BTC-27MAR20-40000-C,8571.99,0.0,0.0,0.0,0.0005,0.1,194.74,0.00031,-0.00073,2e-05,0.0,0.0
8684.67,BTC-27MAR20,1583060355478,open,0.17,902.3,0.141,0.2035,0.16983575,60.84,0.159,0.0,BTC-27MAR20-10000-P,8571.99,49.13,0.1615,6.1,0.2015,5.0,96.27,6.75427,-7.94033,-5.87943,0.00021,-0.78512
8944.57,BTC-26JUN20,1583060355478,open,1.04,1.0,0.981,1.0935,1.03121633,82.21,0.9,0.0,BTC-26JUN20-18000-P,8571.99,0.0,0.001,2.0,0.0,0.0,0.0,9.00634,-3.16743,-55.2575,4e-05,-0.89809
8684.67,BTC-27MAR20,1583060355478,open,0.0,242.0,0.0005,0.0105,1.897e-05,120.79,0.0005,0.0,BTC-27MAR20-28000-C,8571.99,0.0,0.0,0.0,0.001,44.0,166.46,0.02171,-0.05066,0.00143,0.0,0.00025
8684.67,BTC-27MAR20,1583060355478,open,0.0,329.6,0.0005,0.0105,0.0001123,120.71,0.0005,0.0,BTC-27MAR20-24000-C,8571.99,0.0,0.0,0.0,0.001,25.0,147.89,0.10185,-0.23757,0.00756,0.0,0.00134
8944.57,BTC-26JUN20,1583060355478,open,1.7,0.0,1.634,1.7655,1.69332366,93.4,None,0.0,BTC-26JUN20-24000-P,8571.99,0.0,0.0,0.0,0.0,0.0,0.0,5.58488,-2.23151,-75.58079,2e-05,-0.94556
8944.57,BTC-26JUN20,1583060355479,open,0.35,72.7,0.3275,0.3765,0.34986339,64.63,0.44,0.0,BTC-26JUN20-6000-C,8571.99,34.93,0.3305,0.1,0.0,0.0,0.0,8.96127,-2.47763,15.7218,5e-05,0.89879
8944.57,BTC-26JUN20,1583060355479,open,0.82,7.0,0.766,0.874,0.81442576,78.14,0.79,0.0,BTC-26JUN20-16000-P,8571.99,0.0,0.001,2.0,0.0,0.0,0.0,11.09848,-3.71019,-48.04451,6e-05,-0.86304
8684.67,BTC-27MAR20,1583060355478,open,0.15,10.3,0.128,0.1755,0.15031808,59.24,0.174,0.0,BTC-27MAR20-7500-C,8571.99,40.72,0.1405,6.0,0.1715,6.0,88.02,5.54691,-6.34978,4.26729,0.00018,0.84342
8684.67,BTC-27MAR20,1583060355479,open,0.42,35.7,0.413,0.4385,0.42500114,91.27,0.4975,0.0,BTC-27MAR20-5000-C,8571.99,0.0,0.0,0.0,0.0,0.0,0.0,0.52597,-0.92762,3.48876,1e-05,0.99166
8944.57,BTC-26JUN20,1583060355479,open,0.02,542.5,0.01,0.0555,0.02566624,78.17,0.027,0.0,BTC-26JUN20-16000-C,8571.99,77.22,0.0245,24.0,0.027,58.0,79.23,11.10526,-3.71381,3.19117,6e-05,0.13709
8944.57,BTC-26JUN20,1583060355479,open,0.01,405.9,0.0005,0.024,0.00671105,102.08,0.0075,0.0,BTC-26JUN20-30000-C,8571.99,100.41,0.006,20.0,0.0075,24.0,103.8,3.95163,-1.72567,0.82294,2e-05,0.03544
8684.67,BTC-27MAR20,1583060355479,open,0.0,267.1,0.0005,0.0105,3.55e-06,121.05,0.0005,0.0,BTC-27MAR20-32000-C,8571.99,0.0,0.0,0.0,0.0005,2.3,170.29,0.00486,-0.01138,0.00029,0.0,5e-05
8684.67,BTC-27MAR20,1583060355478,open,0.08,1131.6,0.058,0.116,0.08114117,56.72,0.0735,0.0,BTC-27MAR20-9000-P,8571.99,55.64,0.08,3.0,0.0825,0.1,58.02,9.10669,-9.98188,-3.97078,0.0003,-0.56381
8684.67,BTC-27MAR20,1583060355478,open,0.31,32.7,0.296,0.329,0.31138803,76.18,0.3165,0.0,BTC-27MAR20-6000-C,8571.99,0.0,0.2985,7.0,0.321,7.0,109.92,1.44742,-2.13058,4.07255,4e-05,0.97286
8684.67,BTC-27MAR20,1583060355479,open,0.0,374.5,0.0005,0.0105,0.00028121,120.69,0.001,0.0,BTC-27MAR20-22000-C,8571.99,0.0,0.0,0.0,0.001,19.0,137.19,0.22105,-0.51553,0.01766,0.0,0.00315
8944.57,BTC-26JUN20,1583060355479,open,0.0,330.7,0.0005,0.011,0.00123628,86.52,0.001,0.0,BTC-26JUN20-3000-P,8571.99,84.11,0.001,0.3,0.0015,20.0,88.86,0.9413,-0.3484,-0.22557,0.0,-0.00664
8944.57,BTC-26JUN20,1583060355479,open,0.55,21.6,0.5445,0.569,0.55550089,73.23,0.612,0.0,BTC-26JUN20-4000-C,8571.99,0.0,0.0,0.0,0.0,0.0,0.0,2.00545,-0.6283,12.27813,1e-05,0.98419
8684.67,BTC-27MAR20,1583060355479,open,0.28,279.1,0.246,0.3095,0.27527283,67.06,0.2605,0.0,BTC-27MAR20-11000-P,8571.99,0.0,0.2275,1.1,0.0,0.0,0.0,4.30606,-5.57961,-7.18339,0.00012,-0.89148
8684.67,BTC-27MAR20,1583060355479,open,0.03,1697.6,0.0135,0.053,0.02663173,56.62,0.0255,0.0,BTC-27MAR20-8000-P,8571.99,55.32,0.0255,23.2,0.0275,23.0,57.61,7.61135,-8.32702,-1.81147,0.00025,-0.26759
8684.67,BTC-27MAR20,1583060355479,open,0.0,707.3,0.0005,0.0105,0.00072567,91.23,0.001,0.0,BTC-27MAR20-5000-P,8571.99,87.01,0.0005,3.0,0.001,49.1,95.29,0.5247,-0.92495,-0.0557,1e-05,-0.00832
8684.67,BTC-27MAR20,1583060355479,open,1.54,5.6,1.484,1.587,1.53346885,120.23,1.545,0.0,BTC-27MAR20-22000-P,8571.99,0.0,0.0005,1.0,0.0,0.0,0.0,0.21401,-0.49718,-15.57926,0.0,-0.99696
8684.67,BTC-27MAR20,1583060355479,open,0.25,0.0,0.238,0.2755,0.25556496,69.47,None,0.0,BTC-27MAR20-6500-C,8571.99,0.0,0.2515,0.1,0.268,6.0,100.72,2.32971,-3.12735,4.28436,6e-05,0.95144
8944.57,BTC-26JUN20,1583060355479,open,1.93,0.0,1.8525,1.9915,1.91570134,96.92,None,0.0,BTC-26JUN20-26000-P,8571.99,0.0,0.0,0.0,0.0,0.0,0.0,4.99588,-2.07148,-82.1536,2e-05,-0.95267
8944.57,BTC-26JUN20,1583060355479,open,0.14,952.4,0.1065,0.1825,0.14116789,64.05,0.1415,0.0,BTC-26JUN20-9000-C,8571.99,63.52,0.14,16.0,0.1425,1.0,64.65,19.922,-5.45863,12.14479,0.00012,0.5652
8684.67,BTC-27MAR20,1583060355479,open,0.62,69.6,0.5815,0.6545,0.61498506,91.72,0.59,0.0,BTC-27MAR20-14000-P,8571.99,0.0,0.004,0.1,0.0,0.0,0.0,1.71919,-3.04712,-9.73746,4e-05,-0.9666
8684.67,BTC-27MAR20,1583060355479,open,0.74,2.0,0.694,0.77,0.72912014,95.97,0.4565,0.0,BTC-27MAR20-15000-P,8571.99,0.0,0.0,0.0,0.0,0.0,0.0,1.22167,-2.26563,-10.50927,2e-05,-0.97783
8684.67,BTC-27MAR20,1583060355479,open,0.01,1223.5,0.004,0.0315,0.01390478,59.24,0.0145,0.0,BTC-27MAR20-7500-P,8571.99,58.6,0.0135,19.3,0.0145,38.7,60.16,5.54641,-6.34854,-1.04948,0.00018,-0.15655
8684.67,BTC-27MAR20,1583060355479,open,0.37,22.4,0.354,0.3825,0.3676168,79.43,0.4285,0.0,BTC-27MAR20-5500-C,8571.99,0.0,0.0,0.0,0.0,0.0,0.0,0.70817,-1.08688,3.82121,2e-05,0.98827
8944.57,BTC-26JUN20,1583060355480,open,0.01,506.1,0.0005,0.0205,0.0082542,68.28,0.009,0.0,BTC-26JUN20-5000-P,8571.99,66.84,0.0075,28.1,0.009,24.0,69.65,4.77311,-1.39432,-1.5171,3e-05,-0.04471
8944.57,BTC-26JUN20,1583060355480,open,0.1,935.9,0.071,0.1465,0.1045815,65.93,0.1045,0.0,BTC-26JUN20-10000-C,8571.99,65.45,0.1035,16.9,0.106,0.1,66.57,20.06512,-5.65976,10.04365,0.00012,0.45525
8944.57,BTC-26JUN20,1583060355479,open,0.19,256.8,0.1615,0.2345,0.19534022,64.05,0.1935,0.0,BTC-26JUN20-8000-C,8571.99,61.88,0.191,15.0,0.1975,14.6,65.13,17.9155,-4.90894,14.09981,0.00011,0.68763
8684.54,BTC-27MAR20,1583060355479,open,0.0,1091.7,0.0005,0.015,0.00395763,84.41,0.003,0.0,BTC-27MAR20-13000-C,8571.99,82.58,0.0035,24.0,0.0045,49.0,86.44,2.24013,-3.65397,0.26031,5e-05,0.04624
8684.54,BTC-27MAR20,1583060355480,open,0.0,37.2,0.0005,0.0105,0.00018087,91.26,0.0005,0.0,BTC-27MAR20-4500-P,8571.99,0.0,0.0,0.0,0.001,44.1,111.61,0.16955,-0.299,-0.01557,0.0,-0.00235
8944.57,BTC-26JUN20,1583060355480,open,0.04,756.6,0.017,0.0715,0.0374213,73.88,0.036,0.0,BTC-26JUN20-14000-C,8571.99,72.96,0.036,50.8,0.039,32.3,74.89,13.9199,-4.39979,4.49025,7e-05,0.1942
8944.57,BTC-26JUN20,1583060355480,open,0.26,126.5,0.2355,0.2985,0.2646429,64.05,0.285,0.0,BTC-26JUN20-7000-C,8571.99,61.05,0.26,1.0,0.2905,7.0,79.93,13.9795,-3.83058,15.46023,9e-05,0.80443
8684.54,BTC-27MAR20,1583060355480,open,1.31,5.3,1.258,1.354,1.3036127,119.84,0.907,0.0,BTC-27MAR20-20000-P,8571.99,0.0,0.0005,1.0,0.0,0.0,0.0,0.45325,-1.04956,-14.1392,1e-05,-0.99295
8684.54,BTC-27MAR20,1583060355480,open,0.0,428.4,0.0005,0.0105,7.6e-07,121.6,0.0005,0.0,BTC-27MAR20-36000-C,8571.99,0.0,0.0,0.0,0.0005,111.0,183.28,0.0012,-0.00282,7e-05,0.0,1e-05
8944.57,BTC-26JUN20,1583060355480,open,2.15,0.0,2.071,2.2175,2.13806178,99.59,None,0.0,BTC-26JUN20-28000-P,8571.99,0.0,0.0,0.0,0.0,0.0,0.0,4.41868,-1.88252,-88.71365,2e-05,-0.95935
8944.57,BTC-26JUN20,1583060355480,open,2.37,0.0,2.29,2.4435,2.36063374,101.93,None,0.0,BTC-26JUN20-30000-P,8571.99,0.0,0.0,0.0,0.0,0.0,0.0,3.92611,-1.71196,-95.24533,2e-05,-0.96484
8944.57,BTC-26JUN20,1583060355480,open,1.26,0.1,1.1975,1.316,1.25070772,86.18,1.85,0.0,BTC-26JUN20-20000-P,8571.99,0.0,0.001,2.0,0.0,0.0,0.0,7.51151,-2.76926,-62.17691,3e-05,-0.92018
8684.54,BTC-27MAR20,1583060355480,open,3.16,0.1,3.064,3.2295,3.1452169,0.0,2.64,0.0,BTC-27MAR20-36000-P,8571.99,0.0,0.0005,1.0,0.0,0.0,0.0,0.0,0.0,-25.52123,0.0,-1.0
8684.54,BTC-27MAR20,1583060355480,open,0.07,177.8,0.05,0.102,0.06931339,55.31,0.07,0.0,BTC-27MAR20-8500-C,8571.99,54.52,0.0685,0.1,0.07,0.5,55.97,9.00526,-9.62437,3.18638,0.0003,0.58686
8684.54,BTC-27MAR20,1583060355480,open,0.0,387.4,0.0005,0.0105,0.000918,79.44,0.001,0.0,BTC-27MAR20-5500-P,8571.99,73.25,0.0005,68.0,0.0015,49.1,85.47,0.70887,-1.08816,-0.07796,2e-05,-0.01174
8684.54,BTC-27MAR20,1583060355481,open,0.01,1163.8,0.0005,0.0235,0.00867901,67.07,0.0095,0.0,BTC-27MAR20-11000-C,8571.99,65.68,0.008,70.0,0.0095,24.1,68.69,4.3072,-5.58232,0.61498,0.00012,0.10857
8944.57,BTC-26JUN20,1583060355481,open,0.01,626.2,0.0025,0.0345,0.01211707,90.05,0.0105,0.0,BTC-26JUN20-22000-C,8571.99,88.46,0.011,44.0,0.013,24.0,91.26,6.44478,-2.48291,1.52479,3e-05,0.06535
8684.54,BTC-27MAR20,1583060355481,open,2.24,0.0,2.161,2.29,2.22407596,0.0,None,0.0,BTC-27MAR20-28000-P,8571.99,0.0,0.0005,1.0,0.0,0.0,0.0,0.0,0.0,-19.84985,0.0,-1.0
8944.57,BTC-26JUN20,1583060355481,open,0.45,14.3,0.4335,0.469,0.44926709,68.3,0.518,0.0,BTC-26JUN20-5000-C,8571.99,0.0,0.441,0.1,0.0,0.0,0.0,4.77639,-1.39572,14.49185,3e-05,0.95525
8684.54,BTC-27MAR20,1583060355481,open,0.0,897.5,0.0005,0.0105,0.00071485,120.68,0.0005,0.0,BTC-27MAR20-20000-C,8571.99,116.23,0.0005,22.3,0.001,24.0,125.28,0.47526,-1.10827,0.04138,1e-05,0.00744
8684.54,BTC-27MAR20,1583060355481,open,0.2,583.8,0.1815,0.224,0.20153028,64.2,0.21,0.0,BTC-27MAR20-7000-C,8571.99,37.92,0.1945,6.0,0.2175,6.0,93.14,3.72388,-4.61971,4.36798,0.00011,0.911
8684.54,BTC-27MAR20,1583060355482,open,0.54,53.6,0.5295,0.549,0.53945192,93.12,0.5975,0.0,BTC-27MAR20-4000-C,8571.99,0.0,0.0,0.0,0.0,0.0,0.0,0.04679,-0.08418,2.8319,0.0,0.99942
8684.54,BTC-27MAR20,1583060355482,open,0.51,3.0,0.469,0.5385,0.50084123,84.3,0.33,0.0,BTC-27MAR20-13000-P,8571.99,0.0,0.15,0.2,0.0,0.0,0.0,2.23044,-3.63325,-8.95704,5e-05,-0.95401
8944.57,BTC-26JUN20,1583060355482,open,0.01,937.4,0.0005,0.0285,0.00894885,96.99,0.0075,0.0,BTC-26JUN20-26000-C,8571.99,95.24,0.008,44.0,0.01,40.0,98.81,5.00921,-2.0785,1.10372,2e-05,0.04749
8944.57,BTC-26JUN20,1583060355482,open,0.61,12.5,0.5555,0.66,0.60258627,73.86,0.56,0.0,BTC-26JUN20-14000-P,8571.99,0.0,0.001,2.0,0.0,0.0,0.0,13.91583,-4.39734,-40.34058,7e-05,-0.8059
8684.54,BTC-27MAR20,1583060355483,open,2.47,0.0,2.387,2.525,2.45435486,0.0,None,0.0,BTC-27MAR20-30000-P,8571.99,0.0,0.0005,1.0,0.0,0.0,0.0,0.0,0.0,-21.26769,0.0,-1.0
8944.46,BTC-26JUN20,1583060356484,open,0.15,752.5,0.1105,0.193,0.1473486,64.04,0.148,0.0,BTC-26JUN20-9000-P,8571.88,63.66,0.1465,0.1,0.1495,1.0,65.0,19.92197,-5.45772,-16.67395,0.00012,-0.43483
8944.46,BTC-26JUN20,1583060356507,open,0.45,14.3,0.4335,0.469,0.44926709,68.32,0.518,0.0,BTC-26JUN20-5000-C,8571.88,0.0,0.4405,0.1,0.0,0.0,0.0,4.7784,-1.39654,14.49099,3e-05,0.95522
8944.46,BTC-26JUN20,1583060357904,open,0.15,752.5,0.1105,0.193,0.14736547,64.04,0.148,0.0,BTC-26JUN20-9000-P,8571.88,63.66,0.1465,0.1,0.15,4.0,65.23,19.92189,-5.45835,-16.67417,0.00012,-0.43482
8684.43,BTC-27MAR20,1583060358040,open,0.04,1733.7,0.027,0.075,0.04482353,56.73,0.044,0.0,BTC-27MAR20-9000-C,8571.88,55.94,0.044,1.0,0.046,14.4,57.85,9.10619,-9.98166,2.4091,0.0003,0.43613
8684.43,BTC-27MAR20,1583060358044,open,0.04,1733.7,0.027,0.075,0.04482353,56.73,0.044,0.0,BTC-27MAR20-9000-C,8571.88,55.94,0.044,1.0,0.046,36.0,57.85,9.10619,-9.98166,2.4091,0.0003,0.43613
8684.47,BTC-27MAR20,1583060358498,open,0.05,1241.5,0.0305,0.0815,0.04805892,55.3,0.0495,0.0,BTC-27MAR20-8500-P,8571.91,54.28,0.047,38.9,0.05,20.5,57.17,9.00527,-9.62289,-2.83952,0.0003,-0.41315
8684.47,BTC-27MAR20,1583060359505,open,0.01,2568.6,0.0005,0.018,0.0054527,75.77,0.006,0.0,BTC-27MAR20-12000-C,8572.01,74.42,0.005,43.0,0.006,24.1,77.32,2.98545,-4.37086,0.37607,7e-05,0.06654
8684.47,BTC-27MAR20,1583060359816,open,0.12,55.3,0.0955,0.157,0.12174706,57.79,0.12,0.0,BTC-27MAR20-9500-P,8572.01,56.98,0.121,2.0,0.124,4.0,60.18,8.11446,-9.06062,-5.02055,0.00026,-0.69372
8684.57,BTC-27MAR20,1583060360510,open,0.03,282.5,0.0135,0.0535,0.02783977,57.78,0.026,0.0,BTC-27MAR20-9500-C,8571.96,56.88,0.027,23.1,0.029,19.4,59.02,8.11467,-9.06022,1.7143,0.00026,0.30629
8684.57,BTC-27MAR20,1583060360510,open,0.01,49.7,0.0005,0.021,0.00694645,71.92,0.007,0.0,BTC-27MAR20-11500-C,8571.96,70.83,0.0065,1.6,0.0075,24.1,73.23,3.60595,-5.01128,0.48206,9e-05,0.08525
8944.59,BTC-26JUN20,1583060360510,open,0.04,91.2,0.0235,0.084,0.04738933,72.14,0.0475,0.0,BTC-26JUN20-13000-C,8571.96,71.35,0.046,4.0,0.049,31.3,73.06,15.6735,-4.83723,5.46774,8e-05,0.23829
8944.59,BTC-26JUN20,1583060360510,open,0.31,0.0,0.265,0.3635,0.30966291,68.5,None,0.0,BTC-26JUN20-11000-P,8571.96,0.0,0.0,0.0,0.0,0.0,0.0,19.05955,-5.58546,-26.99899,0.00011,-0.633
8944.59,BTC-26JUN20,1583060360510,open,0.08,112.7,0.049,0.121,0.0798555,68.5,0.08,0.0,BTC-26JUN20-11000-C,8571.96,68.09,0.079,3.5,0.081,0.1,69.03,19.05911,-5.5848,8.22348,0.00011,0.36698
8684.57,BTC-27MAR20,1583060360510,open,0.01,330.8,0.0025,0.0295,0.01222145,63.59,0.013,0.0,BTC-27MAR20-10500-C,8571.96,62.42,0.0115,53.0,0.013,24.0,64.83,5.39112,-6.62457,0.8482,0.00016,0.14999
8684.57,BTC-27MAR20,1583060360510,open,0.34,0.0,0.301,0.3665,0.33114931,71.96,None,0.0,BTC-27MAR20-11500-P,8571.96,0.0,0.0,0.0,0.0,0.0,0.0,3.60989,-5.01932,-7.66988,9e-05,-0.91463
8684.57,BTC-27MAR20,1583060360510,open,0.23,0.0,0.192,0.2555,0.22127623,63.61,None,0.0,BTC-27MAR20-10500-P,8571.96,0.0,0.0,0.0,0.0,0.0,0.0,5.3935,-6.62982,-6.59497,0.00016,-0.84991
8944.59,BTC-26JUN20,1583060360510,open,0.5,0.0,0.454,0.5575,0.50079807,72.15,None,0.0,BTC-26JUN20-13000-P,8571.96,0.0,0.0,0.0,0.0,0.0,0.0,15.6751,-4.83835,-36.15841,8e-05,-0.76166
8684.57,BTC-27MAR20,1583060360510,open,0.01,1610.0,0.0005,0.0205,0.00754398,64.16,0.008,0.0,BTC-27MAR20-7000-P,8571.96,62.87,0.007,24.2,0.008,65.0,65.21,3.72037,-4.61266,-0.59369,0.00011,-0.08889
8684.57,BTC-27MAR20,1583060360511,open,0.42,35.7,0.413,0.4385,0.42499181,91.22,0.4975,0.0,BTC-27MAR20-5000-C,8571.96,0.0,0.0,0.0,0.0,0.0,0.0,0.52465,-0.92482,3.48892,1e-05,0.99168
8944.59,BTC-26JUN20,1583060360511,open,0.05,390.1,0.0265,0.0775,0.04723176,64.05,0.044,0.0,BTC-26JUN20-7000-P,8571.96,62.29,0.0445,23.3,0.0475,19.3,64.22,13.97897,-3.83011,-6.95368,9e-05,-0.19555
8944.59,BTC-26JUN20,1583060360510,open,0.01,325.4,0.0005,0.026,0.00771314,99.67,0.0065,0.0,BTC-26JUN20-28000-C,8571.96,98.19,0.007,20.0,0.0085,24.0,101.21,4.43393,-1.89063,0.94816,2e-05,0.04082
8684.57,BTC-27MAR20,1583060360511,open,0.0,556.6,0.0005,0.014,0.00401127,69.47,0.0045,0.0,BTC-27MAR20-6500-P,8571.96,67.5,0.0035,54.0,0.0045,32.1,71.24,2.33006,-3.12789,-0.3237,6e-05,-0.04857
8684.57,BTC-27MAR20,1583060360511,open,0.01,1163.8,0.0005,0.0235,0.00867968,67.07,0.0095,0.0,BTC-27MAR20-11000-C,8571.96,65.68,0.008,70.0,0.0095,24.1,68.69,4.30739,-5.58262,0.61501,0.00012,0.10857
8684.57,BTC-27MAR20,1583060360511,open,0.0,374.5,0.0005,0.0105,0.00028123,120.69,0.001,0.0,BTC-27MAR20-22000-C,8571.96,0.0,0.0,0.0,0.001,19.0,137.19,0.22106,-0.51555,0.01766,0.0,0.00315
8684.57,BTC-27MAR20,1583060360511,open,0.01,1223.5,0.004,0.0315,0.01391098,59.24,0.0145,0.0,BTC-27MAR20-7500-P,8571.96,58.6,0.0135,19.3,0.0145,38.7,60.16,5.54729,-6.35026,-1.04975,0.00018,-0.15659
8684.57,BTC-27MAR20,1583060360511,open,0.0,1389.6,0.0005,0.0105,3.15e-05,91.27,0.0005,0.0,BTC-27MAR20-4000-P,8571.96,0.0,0.0,0.0,0.0005,9.9,118.93,0.03834,-0.06762,-0.00305,0.0,-0.00046
8684.57,BTC-27MAR20,1583060360511,open,0.15,10.3,0.128,0.1755,0.15031037,59.24,0.174,0.0,BTC-27MAR20-7500-C,8571.96,40.74,0.1405,6.0,0.1715,6.0,88.03,5.54729,-6.35026,4.26717,0.00018,0.84341
8684.57,BTC-27MAR20,1583060360511,open,0.48,38.8,0.4715,0.493,0.48202049,91.26,0.5475,0.0,BTC-27MAR20-4500-C,8571.96,0.0,0.0,0.0,0.0,0.0,0.0,0.16954,-0.29899,3.17459,0.0,0.99765
8684.57,BTC-27MAR20,1583060360511,open,0.54,53.6,0.5295,0.549,0.5394445,91.27,0.5975,0.0,BTC-27MAR20-4000-C,8571.96,0.0,0.0,0.0,0.0,0.0,0.0,0.03834,-0.06762,2.83264,0.0,0.99954
8944.59,BTC-26JUN20,1583060360511,open,0.26,126.5,0.2355,0.2985,0.2646358,64.05,0.285,0.0,BTC-26JUN20-7000-C,8571.96,61.05,0.26,1.0,0.2905,7.0,79.93,13.97897,-3.83011,15.46084,9e-05,0.80445
8944.59,BTC-26JUN20,1583060360511,open,0.02,608.6,0.006,0.0455,0.01884362,82.23,0.018,0.0,BTC-26JUN20-18000-C,8571.96,80.87,0.0175,24.0,0.02,44.0,83.36,9.01151,-3.17006,2.38151,4e-05,0.10199
8684.57,BTC-27MAR20,1583060360511,open,0.17,902.3,0.141,0.2035,0.16985563,60.85,0.159,0.0,BTC-27MAR20-10000-P,8571.96,49.12,0.1615,6.1,0.2015,5.0,96.25,6.75476,-7.94241,-5.8793,0.00021,-0.78509
8684.57,BTC-27MAR20,1583060360511,open,2.93,0.0,2.8385,2.995,2.91499107,121.28,None,0.0,BTC-27MAR20-34000-P,8571.96,0.0,0.0005,1.0,0.0,0.0,0.0,0.00238,-0.00558,-24.10325,0.0,-0.99998
8944.59,BTC-26JUN20,1583060360511,open,1.48,0.0,1.4155,1.54,1.47169828,90.05,None,0.0,BTC-26JUN20-22000-P,8571.96,0.0,0.001,2.0,0.0,0.0,0.0,6.44294,-2.48197,-68.92135,3e-05,-0.93467
8684.57,BTC-27MAR20,1583060360511,open,0.28,279.1,0.246,0.31,0.27529391,67.07,0.2605,0.0,BTC-27MAR20-11000-P,8571.96,0.0,0.2275,1.1,0.0,0.0,0.0,4.30739,-5.58262,-7.18314,0.00012,-0.89143
8684.57,BTC-27MAR20,1583060360511,open,0.0,2273.8,0.0005,0.011,0.0014333,100.95,0.0025,0.0,BTC-27MAR20-16000-C,8571.96,96.43,0.001,64.0,0.002,24.0,105.63,0.93644,-1.82667,0.09103,2e-05,0.01622
8684.57,BTC-27MAR20,1583060360511,open,0.0,897.5,0.0005,0.0105,0.0007149,120.68,0.0005,0.0,BTC-27MAR20-20000-C,8571.96,116.23,0.0005,22.3,0.001,24.0,125.28,0.47529,-1.10834,0.04138,1e-05,0.00744
8684.57,BTC-27MAR20,1583060360511,open,0.85,21.2,0.8065,0.886,0.84378128,100.95,0.501,0.0,BTC-27MAR20-16000-P,8571.96,0.0,0.0055,0.1,0.0,0.0,0.0,0.93644,-1.82667,-11.25174,2e-05,-0.98378
8684.57,BTC-27MAR20,1583060360511,open,0.0,37.2,0.0005,0.0105,0.00018086,91.26,0.0005,0.0,BTC-27MAR20-4500-P,8571.96,0.0,0.0,0.0,0.001,44.1,111.61,0.16954,-0.29899,-0.01557,0.0,-0.00235
8944.59,BTC-26JUN20,1583060360511,open,1.93,0.0,1.8525,1.9915,1.91573411,96.99,None,0.0,BTC-26JUN20-26000-P,8571.96,0.0,0.0,0.0,0.0,0.0,0.0,5.00932,-2.07856,-82.15017,2e-05,-0.95251
8944.59,BTC-26JUN20,1583060360511,open,0.66,34.7,0.656,0.6755,0.66583802,86.52,0.708,0.0,BTC-26JUN20-3000-C,8571.96,0.0,0.0,0.0,0.0,0.0,0.0,0.94131,-0.3484,9.38065,0.0,0.99336
8944.54,BTC-26JUN20,1583060360511,open,0.01,1283.4,0.0005,0.031,0.0101855,93.48,0.01,0.0,BTC-26JUN20-24000-C,8571.96,91.52,0.009,44.0,0.0115,40.0,95.51,5.60251,-2.24063,1.27366,2e-05,0.05466
8684.57,BTC-27MAR20,1583060360511,open,2.7,0.0,2.6125,2.76,2.68469951,121.04,None,0.0,BTC-27MAR20-32000-P,8571.96,0.0,0.0005,1.0,0.0,0.0,0.0,0.00486,-0.01137,-22.68525,0.0,-0.99995
8684.57,BTC-27MAR20,1583060360511,open,0.0,1425.2,0.0005,0.012,0.00225723,76.16,0.0025,0.0,BTC-27MAR20-6000-P,8571.96,74.55,0.002,24.0,0.0025,0.1,77.57,1.44617,-2.12812,-0.1808,4e-05,-0.02711
8944.54,BTC-26JUN20,1583060360511,open,0.22,858.7,0.1805,0.273,0.2225764,65.93,0.2255,0.0,BTC-26JUN20-10000-P,8571.96,64.56,0.2195,0.1,0.2285,0.1,68.57,20.065,-5.65955,-21.97723,0.00012,-0.54476
8684.57,BTC-27MAR20,1583060360511,open,0.02,1975.7,0.0065,0.0385,0.01838815,60.85,0.018,0.0,BTC-27MAR20-10000-C,8571.96,60.35,0.018,39.1,0.019,19.3,61.63,6.75476,-7.94241,1.20994,0.00021,0.21491
8944.54,BTC-26JUN20,1583060360512,open,0.41,142.3,0.3565,0.4585,0.40274054,70.41,0.408,0.0,BTC-26JUN20-12000-P,8571.96,0.0,0.005,0.8,0.6,0.6,160.25,17.4681,-5.26155,-31.72226,0.0001,-0.70484
8684.57,BTC-27MAR20,1583060360513,open,2.47,0.0,2.387,2.525,2.45441054,120.88,None,0.0,BTC-27MAR20-30000-P,8571.96,0.0,0.0005,1.0,0.0,0.0,0.0,0.01017,-0.02376,-21.26705,0.0,-0.99989
8944.54,BTC-26JUN20,1583060360511,open,0.09,492.0,0.0595,0.129,0.08973007,64.04,0.0875,0.0,BTC-26JUN20-8000-P,8571.96,62.43,0.0865,16.6,0.089,4.0,63.68,17.91545,-4.90859,-11.51653,0.00011,-0.31237
8944.54,BTC-26JUN20,1583060360513,open,0.01,626.2,0.0025,0.0345,0.01211097,90.05,0.0105,0.0,BTC-26JUN20-22000-C,8571.96,88.46,0.011,44.0,0.013,24.0,91.26,6.44289,-2.48196,1.52426,3e-05,0.06533
8944.54,BTC-26JUN20,1583060360512,open,0.04,756.6,0.017,0.0715,0.03742232,73.88,0.036,0.0,BTC-26JUN20-14000-C,8571.96,72.96,0.036,50.8,0.039,32.3,74.89,13.91996,-4.39987,4.49028,7e-05,0.1942
8684.57,BTC-27MAR20,1583060360511,open,0.74,2.0,0.694,0.77,0.72914813,96.03,0.4565,0.0,BTC-27MAR20-15000-P,8571.96,0.0,0.0,0.0,0.0,0.0,0.0,1.22498,-2.27317,-10.50888,2e-05,-0.97776
8944.54,BTC-26JUN20,1583060360511,open,1.04,1.0,0.981,1.0935,1.03123324,82.22,0.9,0.0,BTC-26JUN20-18000-P,8571.96,0.0,0.001,2.0,0.0,0.0,0.0,9.00873,-3.16867,-55.25672,4e-05,-0.89805
8684.57,BTC-27MAR20,1583060360513,open,0.31,32.7,0.296,0.329,0.31137674,76.16,0.3165,0.0,BTC-27MAR20-6000-C,8571.96,0.0,0.2985,7.0,0.321,7.0,109.93,1.44617,-2.12812,4.07274,4e-05,0.97289
8944.54,BTC-26JUN20,1583060360511,open,0.0,457.4,0.0005,0.0125,0.00269348,73.21,0.0035,0.0,BTC-26JUN20-4000-P,8571.96,69.82,0.002,73.0,0.0035,44.0,76.52,2.00267,-0.62719,-0.52926,1e-05,-0.01579
8684.57,BTC-27MAR20,1583060360513,open,0.0,329.6,0.0005,0.0105,0.0001123,120.71,0.0005,0.0,BTC-27MAR20-24000-C,8571.96,0.0,0.0,0.0,0.001,25.0,147.89,0.10185,-0.23757,0.00756,0.0,0.00134
8684.57,BTC-27MAR20,1583060360513,open,0.0,221.1,0.0005,0.0105,1.61e-06,121.28,0.0005,0.0,BTC-27MAR20-34000-C,8571.96,0.0,0.0,0.0,0.0005,19.0,177.0,0.00238,-0.00558,0.00014,0.0,2e-05
8944.54,BTC-26JUN20,1583060360513,open,0.01,2552.7,0.0005,0.023,0.00620951,105.06,0.0065,0.0,BTC-26JUN20-32000-C,8571.96,103.26,0.0055,219.9,0.007,41.0,106.91,3.66839,-1.64875,0.74955,1e-05,0.03238
8684.57,BTC-27MAR20,1583060360511,open,0.0,154.1,0.0005,0.0105,8.08e-06,120.88,0.0005,0.0,BTC-27MAR20-30000-C,8571.96,0.0,0.0,0.0,0.001,44.0,174.63,0.01017,-0.02376,0.00064,0.0,0.00011
8684.57,BTC-27MAR20,1583060360512,open,0.0,871.8,0.0005,0.0115,0.00194689,96.03,0.0015,0.0,BTC-27MAR20-15000-C,8571.96,92.59,0.0015,49.3,0.0025,24.0,99.64,1.22498,-2.27317,0.12496,2e-05,0.02224
8944.54,BTC-26JUN20,1583060360513,open,0.55,21.6,0.5445,0.569,0.55549579,73.22,0.612,0.0,BTC-26JUN20-4000-C,8571.96,0.0,0.0,0.0,0.0,0.0,0.0,2.00381,-0.62764,12.27866,1e-05,0.9842
8684.57,BTC-27MAR20,1583060360513,open,0.08,1131.6,0.058,0.116,0.08114908,56.73,0.0735,0.0,BTC-27MAR20-9000-P,8571.96,55.63,0.08,3.0,0.0825,0.1,58.01,9.10648,-9.98173,-3.97096,0.0003,-0.56383
8684.57,BTC-27MAR20,1583060360513,open,0.0,267.1,0.0005,0.0105,3.55e-06,121.04,0.0005,0.0,BTC-27MAR20-32000-C,8571.96,0.0,0.0,0.0,0.0005,2.3,170.29,0.00486,-0.01137,0.00029,0.0,5e-05
8944.54,BTC-26JUN20,1583060360514,open,0.02,642.7,0.009,0.041,0.02065344,64.62,0.0225,0.0,BTC-26JUN20-6000-P,8571.96,63.46,0.0195,58.0,0.022,24.0,65.95,8.95999,-2.47696,-3.48985,5e-05,-0.10119
8684.57,BTC-27MAR20,1583060360513,open,0.03,1697.6,0.0135,0.053,0.02663091,56.61,0.0255,0.0,BTC-27MAR20-8000-P,8571.96,55.32,0.0255,23.2,0.0275,23.0,57.6,7.61143,-8.32641,-1.81152,0.00025,-0.2676
8684.57,BTC-27MAR20,1583060360514,open,0.0,387.4,0.0005,0.0105,0.00091793,79.44,0.001,0.0,BTC-27MAR20-5500-P,8571.96,73.25,0.0005,68.0,0.0015,49.1,85.47,0.70884,-1.0881,-0.07796,2e-05,-0.01174
8944.54,BTC-26JUN20,1583060360514,open,0.02,542.5,0.01,0.0555,0.02566783,78.17,0.027,0.0,BTC-26JUN20-16000-C,8571.96,77.22,0.0245,24.0,0.027,58.0,79.23,11.1055,-3.71396,3.19126,6e-05,0.13709
8684.57,BTC-27MAR20,1583060360513,open,0.0,527.6,0.0005,0.0105,4.567e-05,120.74,0.0005,0.0,BTC-27MAR20-26000-C,8571.96,0.0,0.0,0.0,0.001,25.0,157.59,0.04689,-0.10939,0.00327,0.0,0.00058
8684.57,BTC-27MAR20,1583060360514,open,0.0,1091.7,0.0005,0.015,0.00395792,84.41,0.003,0.0,BTC-27MAR20-13000-C,8571.96,82.57,0.0035,24.0,0.0045,49.0,86.44,2.24024,-3.65417,0.26032,5e-05,0.04624
8944.54,BTC-26JUN20,1583060360514,open,0.01,1315.4,0.0045,0.039,0.01475665,86.23,0.016,0.0,BTC-26JUN20-20000-C,8571.96,84.7,0.0135,24.0,0.016,44.0,87.67,7.52318,-2.77519,1.86805,3e-05,0.07998
8684.57,BTC-27MAR20,1583060360514,open,0.0,898.4,0.0005,0.0105,1.7e-07,121.96,0.0005,0.0,BTC-27MAR20-40000-C,8571.96,0.0,0.0,0.0,0.0005,0.1,194.74,0.00031,-0.00072,2e-05,0.0,0.0
8684.57,BTC-27MAR20,1583060360514,open,0.37,22.4,0.354,0.3825,0.36761081,79.44,0.4285,0.0,BTC-27MAR20-5500-C,8571.96,0.0,0.0,0.0,0.0,0.0,0.0,0.70884,-1.0881,3.82112,2e-05,0.98826
8684.57,BTC-27MAR20,1583060360514,open,1.08,0.0,1.0325,1.1195,1.07354082,110.45,1.23,0.0,BTC-27MAR20-18000-P,8571.96,0.0,0.0125,1.0,0.0,0.0,0.0,0.60933,-1.30048,-12.70538,1e-05,-0.99013
8684.57,BTC-27MAR20,1583060360514,open,2.24,0.0,2.161,2.2905,2.22412792,120.79,None,0.0,BTC-27MAR20-28000-P,8571.96,0.0,0.0005,1.0,0.0,0.0,0.0,0.0217,-0.05065,-19.84842,0.0,-0.99975
8684.57,BTC-27MAR20,1583060360514,open,0.0,707.3,0.0005,0.0105,0.00072556,91.22,0.001,0.0,BTC-27MAR20-5000-P,8571.96,87.0,0.0005,3.0,0.001,49.1,95.29,0.52465,-0.92482,-0.05569,1e-05,-0.00832
8684.57,BTC-27MAR20,1583060360514,open,0.25,0.0,0.238,0.2755,0.2555574,69.47,None,0.0,BTC-27MAR20-6500-C,8571.96,0.0,0.2515,0.1,0.268,6.0,100.73,2.33006,-3.12789,4.2843,6e-05,0.95143
8684.57,BTC-27MAR20,1583060360514,open,3.62,1.4,3.516,3.6995,3.60587012,121.96,3.0435,0.0,BTC-27MAR20-40000-P,8571.96,0.0,0.0005,1.0,0.0,0.0,0.0,0.00031,-0.00072,-28.35691,0.0,-1.0
8944.54,BTC-26JUN20,1583060360514,open,0.01,506.1,0.0005,0.0205,0.00825425,68.28,0.009,0.0,BTC-26JUN20-5000-P,8571.96,66.84,0.0075,28.1,0.009,24.0,69.65,4.77313,-1.39432,-1.51711,3e-05,-0.04472
8944.54,BTC-26JUN20,1583060360514,open,1.7,0.0,1.634,1.7655,1.69337165,93.46,None,0.0,BTC-26JUN20-24000-P,8571.96,0.0,0.0,0.0,0.0,0.0,0.0,5.59761,-2.23809,-75.57741,2e-05,-0.94541
8944.54,BTC-26JUN20,1583060360514,open,0.82,7.0,0.766,0.8745,0.8144586,78.16,0.79,0.0,BTC-26JUN20-16000-P,8571.96,0.0,0.001,2.0,0.0,0.0,0.0,11.10358,-3.71294,-48.04263,6e-05,-0.86294
8944.54,BTC-26JUN20,1583060360514,open,0.0,330.7,0.0005,0.011,0.00123629,86.52,0.001,0.0,BTC-26JUN20-3000-P,8571.96,84.11,0.001,0.3,0.0015,20.0,88.86,0.94131,-0.3484,-0.22557,0.0,-0.00664
8684.57,BTC-27MAR20,1583060360514,open,1.31,5.3,1.258,1.3545,1.30364987,120.68,0.907,0.0,BTC-27MAR20-20000-P,8571.96,0.0,0.0005,1.0,0.0,0.0,0.0,0.47529,-1.10834,-14.13708,1e-05,-0.99256
8684.57,BTC-27MAR20,1583060360514,open,1.77,0.0,1.7095,1.821,1.76363427,120.71,None,0.0,BTC-27MAR20-24000-P,8571.96,0.0,0.0,0.0,0.0,0.0,0.0,0.10185,-0.23757,-17.00659,0.0,-0.99866
8944.54,BTC-26JUN20,1583060360514,open,0.19,256.8,0.1615,0.2345,0.19533469,64.05,0.1935,0.0,BTC-26JUN20-8000-C,8571.96,61.88,0.191,15.0,0.1975,14.6,65.13,17.91549,-4.90879,14.09987,0.00011,0.68763
8684.57,BTC-27MAR20,1583060360514,open,3.16,0.1,3.064,3.2295,3.14528372,121.59,2.64,0.0,BTC-27MAR20-36000-P,8571.96,0.0,0.0005,1.0,0.0,0.0,0.0,0.0012,-0.00282,-25.52117,0.0,-0.99999
8944.54,BTC-26JUN20,1583060360514,open,2.15,0.0,2.071,2.2175,2.13809699,99.64,None,0.0,BTC-26JUN20-28000-P,8571.96,0.0,0.0,0.0,0.0,0.0,0.0,4.42758,-1.88726,-88.71147,2e-05,-0.95925
8684.57,BTC-27MAR20,1583060360514,open,1.54,5.6,1.484,1.5875,1.5335097,120.69,1.545,0.0,BTC-27MAR20-22000-P,8571.96,0.0,0.0005,1.0,0.0,0.0,0.0,0.22106,-0.51555,-15.57865,0.0,-0.99685
8684.57,BTC-27MAR20,1583060360515,open,0.39,173.2,0.3565,0.423,0.38721459,75.77,0.318,0.0,BTC-27MAR20-12000-P,8571.96,0.0,0.1,1.0,0.0,0.0,0.0,2.98579,-4.37139,-8.13095,7e-05,-0.93345
8944.54,BTC-26JUN20,1583060360515,open,0.01,405.9,0.0005,0.024,0.00671104,102.08,0.0075,0.0,BTC-26JUN20-30000-C,8571.96,100.41,0.006,20.0,0.0075,24.0,103.8,3.95161,-1.72567,0.82294,2e-05,0.03544
8684.57,BTC-27MAR20,1583060360515,open,0.62,69.6,0.5815,0.6545,0.61501127,91.77,0.59,0.0,BTC-27MAR20-14000-P,8571.96,0.0,0.004,0.1,0.0,0.0,0.0,1.72191,-3.05327,-9.73712,4e-05,-0.96654
8944.54,BTC-26JUN20,1583060360515,open,0.01,937.4,0.0005,0.0285,0.00894911,96.99,0.0075,0.0,BTC-26JUN20-26000-C,8571.96,95.24,0.008,44.0,0.01,40.0,98.81,5.00928,-2.07854,1.10374,2e-05,0.04749
8684.57,BTC-27MAR20,1583060360515,open,0.0,2235.3,0.0005,0.0125,0.00295678,91.77,0.0025,0.0,BTC-27MAR20-14000-C,8571.96,89.34,0.0025,175.3,0.0035,49.0,94.36,1.72191,-3.05327,0.18781,4e-05,0.03346
8944.54,BTC-26JUN20,1583060360515,open,2.6,0.0,2.509,2.671,2.58379104,105.01,None,0.0,BTC-26JUN20-32000-P,8571.96,0.0,0.0,0.0,0.0,0.0,0.0,3.66071,-1.64453,-101.71859,1e-05,-0.9677
8684.57,BTC-27MAR20,1583060360515,open,0.0,242.0,0.0005,0.0105,1.896e-05,120.79,0.0005,0.0,BTC-27MAR20-28000-C,8571.96,0.0,0.0,0.0,0.001,44.0,166.46,0.0217,-0.05065,0.00143,0.0,0.00025
8944.54,BTC-26JUN20,1583060360515,open,0.61,12.5,0.5555,0.6605,0.60261424,73.88,0.56,0.0,BTC-26JUN20-14000-P,8571.96,0.0,0.001,2.0,0.0,0.0,0.0,13.91879,-4.39916,-40.33927,7e-05,-0.80583
8684.57,BTC-27MAR20,1583060360515,open,0.0,428.4,0.0005,0.0105,7.6e-07,121.59,0.0005,0.0,BTC-27MAR20-36000-C,8571.96,0.0,0.0,0.0,0.0005,111.0,183.28,0.0012,-0.00282,7e-05,0.0,1e-05
8684.57,BTC-27MAR20,1583060360515,open,2.0,0.0,1.9355,2.0555,1.99386114,120.74,None,0.0,BTC-27MAR20-26000-P,8571.96,0.0,0.001,1.0,0.0,0.0,0.0,0.04689,-0.10939,-18.42873,0.0,-0.99942
8944.54,BTC-26JUN20,1583060360516,open,0.35,72.7,0.3275,0.3765,0.3498569,64.62,0.44,0.0,BTC-26JUN20-6000-C,8571.96,34.94,0.3305,0.1,0.0,0.0,0.0,8.9606,-2.47727,15.72222,5e-05,0.8988
8684.52,BTC-27MAR20,1583060360516,open,0.0,926.7,0.0005,0.0105,0.00089934,110.45,0.001,0.0,BTC-27MAR20-18000-C,8571.96,103.52,0.0005,86.4,0.0015,24.0,117.54,0.60932,-1.30047,0.05523,1e-05,0.00987
8684.52,BTC-27MAR20,1583060360516,open,0.2,583.8,0.1815,0.224,0.20151674,64.17,0.21,0.0,BTC-27MAR20-7000-C,8571.96,37.94,0.1945,6.0,0.2175,6.0,93.15,3.72139,-4.61461,4.36854,0.00011,0.91108
8684.52,BTC-27MAR20,1583060360516,open,0.51,3.0,0.469,0.5385,0.5008824,84.45,0.33,0.0,BTC-27MAR20-13000-P,8571.96,0.0,0.15,0.2,0.0,0.0,0.0,2.2429,-3.65991,-8.9553,5e-05,-0.95369
8944.54,BTC-26JUN20,1583060360517,open,2.37,0.0,2.29,2.444,2.36069372,102.04,None,0.0,BTC-26JUN20-30000-P,8571.96,0.0,0.0,0.0,0.0,0.0,0.0,3.94453,-1.72186,-95.24096,2e-05,-0.96463
8944.54,BTC-26JUN20,1583060360517,open,1.26,0.1,1.1975,1.316,1.25074511,86.21,1.85,0.0,BTC-26JUN20-20000-P,8571.96,0.0,0.001,2.0,0.0,0.0,0.0,7.51973,-2.77344,-62.17446,3e-05,-0.92007
8944.54,BTC-26JUN20,1583060360540,open,0.45,14.3,0.4335,0.469,0.44925714,68.29,0.518,0.0,BTC-26JUN20-5000-C,8571.96,24.21,0.441,0.1,0.0,0.0,0.0,4.77404,-1.39471,14.49287,3e-05,0.95527
8944.52,BTC-26JUN20,1583060361539,open,0.45,14.3,0.4335,0.469,0.44925714,68.29,0.518,0.0,BTC-26JUN20-5000-C,8571.94,0.0,0.4405,0.1,0.0,0.0,0.0,4.77441,-1.39486,14.49271,3e-05,0.95527
8684.44,BTC-27MAR20,1583060363532,open,0.04,1733.7,0.027,0.075,0.04482834,56.73,0.044,0.0,BTC-27MAR20-9000-C,8571.95,55.94,0.044,1.0,0.046,36.0,57.85,9.10624,-9.98246,2.40914,0.0003,0.43614
8684.44,BTC-27MAR20,1583060363532,open,0.05,1241.5,0.0305,0.0815,0.04805041,55.29,0.0495,0.0,BTC-27MAR20-8500-P,8571.95,54.28,0.047,38.9,0.05,20.5,57.17,9.00526,-9.62119,-2.83948,0.0003,-0.41316
8944.53,BTC-26JUN20,1583060363533,open,0.15,752.5,0.1105,0.193,0.14735875,64.04,0.148,0.0,BTC-26JUN20-9000-P,8571.95,63.66,0.1465,0.1,0.15,4.0,65.23,19.92199,-5.45829,-16.6739,0.00012,-0.43481
8944.53,BTC-26JUN20,1583060364171,open,0.15,752.5,0.1105,0.193,0.14736442,64.04,0.148,0.0,BTC-26JUN20-9000-P,8571.95,63.66,0.1465,0.1,0.1495,1.0,65.01,19.92199,-5.45829,-16.6739,0.00012,-0.43481
8684.51,BTC-27MAR20,1583060365545,open,0.03,282.5,0.0135,0.0535,0.02784194,57.79,0.026,0.0,BTC-27MAR20-9500-C,8571.97,56.88,0.027,23.1,0.029,19.4,59.02,8.11463,-9.06086,1.71429,0.00026,0.30629
8944.52,BTC-26JUN20,1583060365545,open,0.08,112.7,0.049,0.121,0.0798574,68.5,0.08,0.0,BTC-26JUN20-11000-C,8571.97,68.09,0.079,3.5,0.081,0.1,69.03,19.05896,-5.58491,8.22336,0.00011,0.36698
8684.51,BTC-27MAR20,1583060365545,open,0.34,0.0,0.301,0.3665,0.3311545,71.95,None,0.0,BTC-27MAR20-11500-P,8571.97,0.0,0.0,0.0,0.0,0.0,0.0,3.6088,-5.01723,-7.67007,9e-05,-0.91466
8684.51,BTC-27MAR20,1583060365545,open,0.23,0.0,0.192,0.2555,0.22128033,63.61,None,0.0,BTC-27MAR20-10500-P,8571.97,0.0,0.0,0.0,0.0,0.0,0.0,5.39267,-6.62826,-6.59516,0.00016,-0.84994
8684.51,BTC-27MAR20,1583060365545,open,0.12,55.3,0.0955,0.157,0.12175243,57.8,0.12,0.0,BTC-27MAR20-9500-P,8571.97,56.99,0.121,2.0,0.124,4.0,60.18,8.11507,-9.06283,-5.0203,0.00026,-0.69368
8944.52,BTC-26JUN20,1583060365545,open,0.04,91.2,0.0235,0.084,0.04739075,72.14,0.0475,0.0,BTC-26JUN20-13000-C,8571.97,71.35,0.046,4.0,0.049,31.3,73.06,15.67345,-4.83733,5.46772,8e-05,0.2383
8944.52,BTC-26JUN20,1583060365545,open,0.5,0.0,0.454,0.5575,0.50080437,72.15,None,0.0,BTC-26JUN20-13000-P,8571.97,0.0,0.0,0.0,0.0,0.0,0.0,15.67441,-4.838,-36.15876,8e-05,-0.76168
8684.51,BTC-27MAR20,1583060365545,open,0.0,2235.3,0.0005,0.0125,0.00295668,91.77,0.0025,0.0,BTC-27MAR20-14000-C,8571.97,89.34,0.0025,175.3,0.0035,49.0,94.37,1.72184,-3.05318,0.1878,4e-05,0.03346
8684.51,BTC-27MAR20,1583060365546,open,0.01,330.8,0.0025,0.0295,0.01222137,63.59,0.013,0.0,BTC-27MAR20-10500-C,8571.97,62.42,0.0115,53.0,0.013,24.0,64.83,5.39101,-6.62458,0.84817,0.00016,0.14999
8684.51,BTC-27MAR20,1583060365545,open,0.01,49.7,0.0005,0.021,0.00694707,71.92,0.007,0.0,BTC-27MAR20-11500-C,8571.97,70.83,0.0065,1.6,0.0075,24.1,73.23,3.60605,-5.01161,0.48208,9e-05,0.08525
8944.52,BTC-26JUN20,1583060365545,open,1.04,1.0,0.981,1.0935,1.03125903,82.24,0.9,0.0,BTC-26JUN20-18000-P,8571.97,0.0,0.001,2.0,0.0,0.0,0.0,9.01381,-3.17128,-55.25507,4e-05,-0.89797
8944.52,BTC-26JUN20,1583060365545,open,0.01,1283.4,0.0005,0.031,0.01018559,93.49,0.01,0.0,BTC-26JUN20-24000-C,8571.97,91.52,0.009,44.0,0.0115,40.0,95.51,5.60252,-2.24064,1.27366,2e-05,0.05466
8944.52,BTC-26JUN20,1583060365545,open,2.6,0.0,2.509,2.671,2.58381509,105.05,None,0.0,BTC-26JUN20-32000-P,8571.97,0.0,0.0,0.0,0.0,0.0,0.0,3.66686,-1.64791,-101.71717,1e-05,-0.96764
8684.51,BTC-27MAR20,1583060365545,open,0.15,10.3,0.128,0.1755,0.15030165,59.24,0.174,0.0,BTC-27MAR20-7500-C,8571.97,40.75,0.1405,6.0,0.1715,6.0,88.04,5.547,-6.34926,4.26726,0.00018,0.84342
8684.51,BTC-27MAR20,1583060365546,open,0.0,2273.8,0.0005,0.011,0.00143325,100.95,0.0025,0.0,BTC-27MAR20-16000-C,8571.97,96.43,0.001,64.0,0.002,24.0,105.63,0.9364,-1.82661,0.09103,2e-05,0.01622
8684.51,BTC-27MAR20,1583060365546,open,0.0,374.5,0.0005,0.0105,0.00028121,120.69,0.001,0.0,BTC-27MAR20-22000-C,8571.97,0.0,0.0,0.0,0.001,19.0,137.19,0.22105,-0.51552,0.01766,0.0,0.00315
8944.52,BTC-26JUN20,1583060365546,open,0.22,858.7,0.1805,0.273,0.22258491,65.94,0.2255,0.0,BTC-26JUN20-10000-P,8571.97,64.56,0.2195,0.1,0.2285,0.1,68.57,20.06499,-5.65981,-21.97724,0.00012,-0.54475
8684.51,BTC-27MAR20,1583060365546,open,0.0,1389.6,0.0005,0.0105,3.151e-05,91.28,0.0005,0.0,BTC-27MAR20-4000-P,8571.97,0.0,0.0,0.0,0.0005,9.9,118.93,0.03835,-0.06764,-0.00305,0.0,-0.00046
8944.52,BTC-26JUN20,1583060365546,open,0.66,34.7,0.656,0.6755,0.6658332,86.5,0.708,0.0,BTC-26JUN20-3000-C,8571.97,0.0,0.0,0.0,0.0,0.0,0.0,0.94019,-0.3479,9.38097,0.0,0.99337
8944.52,BTC-26JUN20,1583060365546,open,0.02,642.7,0.009,0.041,0.02065588,64.62,0.0225,0.0,BTC-26JUN20-6000-P,8571.97,63.46,0.0195,58.0,0.022,24.0,65.95,8.96039,-2.47715,-3.49009,5e-05,-0.1012
8684.51,BTC-27MAR20,1583060365546,open,0.25,0.0,0.238,0.2755,0.25554642,69.45,None,0.0,BTC-27MAR20-6500-C,8571.97,0.0,0.2515,0.1,0.268,6.0,100.74,2.3283,-3.1245,4.28461,6e-05,0.95148
8944.52,BTC-26JUN20,1583060365546,open,0.0,457.4,0.0005,0.0125,0.00269359,73.21,0.0035,0.0,BTC-26JUN20-4000-P,8571.97,69.82,0.002,73.0,0.0035,44.0,76.52,2.00272,-0.62721,-0.52928,1e-05,-0.01579
8684.51,BTC-27MAR20,1583060365546,open,0.0,926.7,0.0005,0.0105,0.00089931,110.45,0.001,0.0,BTC-27MAR20-18000-C,8571.97,103.52,0.0005,86.4,0.0015,24.0,117.54,0.6093,-1.30043,0.05523,1e-05,0.00987
8684.51,BTC-27MAR20,1583060365546,open,3.62,1.4,3.516,3.7,3.60593907,160.03,3.0435,0.0,BTC-27MAR20-40000-P,8571.97,0.0,0.0005,1.0,0.0,0.0,0.0,0.03137,-0.09699,-28.35485,0.0,-0.99963
8684.51,BTC-27MAR20,1583060365546,open,0.01,2568.6,0.0005,0.018,0.00545338,75.77,0.006,0.0,BTC-27MAR20-12000-C,8571.97,74.42,0.005,43.0,0.006,24.1,77.32,2.98568,-4.37126,0.37611,7e-05,0.06654
8944.52,BTC-26JUN20,1583060365546,open,0.26,126.5,0.2355,0.2985,0.26463341,64.05,0.285,0.0,BTC-26JUN20-7000-C,8571.97,61.05,0.26,1.0,0.2905,7.0,79.93,13.97922,-3.83025,15.46055,9e-05,0.80444
8684.51,BTC-27MAR20,1583060365546,open,0.01,1610.0,0.0005,0.0205,0.00754438,64.16,0.008,0.0,BTC-27MAR20-7000-P,8571.97,62.87,0.007,24.2,0.008,65.0,65.21,3.72049,-4.61277,-0.59372,0.00011,-0.08889
8684.51,BTC-27MAR20,1583060365546,open,0.17,902.3,0.141,0.2035,0.16987216,60.86,0.159,0.0,BTC-27MAR20-10000-P,8571.97,49.11,0.1615,6.1,0.2015,5.0,96.25,6.75555,-7.945,-5.87907,0.00021,-0.78504
8684.51,BTC-27MAR20,1583060365546,open,0.08,1131.6,0.058,0.116,0.08116224,56.73,0.0735,0.0,BTC-27MAR20-9000-P,8571.97,55.62,0.08,3.0,0.0825,0.1,58.01,9.10641,-9.98313,-3.97102,0.0003,-0.56383
8944.52,BTC-26JUN20,1583060365546,open,0.01,2552.7,0.0005,0.023,0.00620956,105.06,0.0065,0.0,BTC-26JUN20-32000-C,8571.97,103.26,0.0055,219.9,0.007,41.0,106.91,3.6684,-1.64875,0.74955,1e-05,0.03238
8944.52,BTC-26JUN20,1583060365546,open,1.48,0.0,1.4155,1.54,1.47173058,90.06,None,0.0,BTC-26JUN20-22000-P,8571.97,0.0,0.001,2.0,0.0,0.0,0.0,6.44682,-2.48398,-68.92027,3e-05,-0.93462
8684.51,BTC-27MAR20,1583060365546,open,0.37,22.4,0.354,0.3825,0.36760138,79.38,0.4285,0.0,BTC-27MAR20-5500-C,8571.97,0.0,0.0,0.0,0.0,0.0,0.0,0.70627,-1.08329,3.82145,2e-05,0.9883
8944.52,BTC-26JUN20,1583060365546,open,0.35,72.7,0.3275,0.3765,0.34985484,64.62,0.44,0.0,BTC-26JUN20-6000-C,8571.97,34.95,0.3305,0.1,0.0,0.0,0.0,8.96051,-2.47722,15.72227,5e-05,0.8988
8944.52,BTC-26JUN20,1583060365546,open,0.04,756.6,0.017,0.0715,0.03742261,73.89,0.036,0.0,BTC-26JUN20-14000-C,8571.97,72.96,0.036,50.8,0.039,32.3,74.89,13.91994,-4.39989,4.49027,7e-05,0.1942
8684.51,BTC-27MAR20,1583060365546,open,0.28,279.1,0.246,0.31,0.27531251,67.09,0.2605,0.0,BTC-27MAR20-11000-P,8571.97,0.0,0.2275,1.1,0.0,0.0,0.0,4.30953,-5.58716,-7.18274,0.00012,-0.89135
8684.51,BTC-27MAR20,1583060365546,open,0.54,53.6,0.5295,0.549,0.53943762,90.39,0.5975,0.0,BTC-27MAR20-4000-C,8571.97,0.0,0.0,0.0,0.0,0.0,0.0,0.03471,-0.06062,2.83296,0.0,0.99958
8944.52,BTC-26JUN20,1583060365546,open,0.01,937.4,0.0005,0.0285,0.0089489,96.99,0.0075,0.0,BTC-26JUN20-26000-C,8571.97,95.24,0.008,44.0,0.01,40.0,98.81,5.00918,-2.0785,1.10372,2e-05,0.04749
8684.51,BTC-27MAR20,1583060365546,open,0.0,1091.7,0.0005,0.015,0.00395777,84.41,0.003,0.0,BTC-27MAR20-13000-C,8571.97,82.58,0.0035,24.0,0.0045,49.0,86.44,2.24016,-3.65407,0.26031,5e-05,0.04624
8944.52,BTC-26JUN20,1583060365546,open,0.05,390.1,0.0265,0.0775,0.04723462,64.05,0.044,0.0,BTC-26JUN20-7000-P,8571.97,62.29,0.0445,23.3,0.0475,19.3,64.22,13.97917,-3.8302,-6.95391,9e-05,-0.19556
8684.51,BTC-27MAR20,1583060365546,open,0.85,21.2,0.8065,0.886,0.84380881,101.09,0.501,0.0,BTC-27MAR20-16000-P,8571.97,0.0,0.0055,0.1,0.0,0.0,0.0,0.94297,-1.84192,-11.25101,2e-05,-0.98365
8684.51,BTC-27MAR20,1583060365546,open,2.24,0.0,2.161,2.29,2.22417618,127.86,None,0.0,BTC-27MAR20-28000-P,8571.97,0.0,0.0005,1.0,0.0,0.0,0.0,0.04416,-0.1091,-19.8468,0.0,-0.99946
8944.52,BTC-26JUN20,1583060365546,open,0.01,325.4,0.0005,0.026,0.00771295,99.67,0.0065,0.0,BTC-26JUN20-28000-C,8571.97,98.19,0.007,20.0,0.0085,24.0,101.21,4.4338,-1.89058,0.94813,2e-05,0.04082
8684.51,BTC-27MAR20,1583060365546,open,0.01,1163.8,0.0005,0.0235,0.00867931,67.07,0.0095,0.0,BTC-27MAR20-11000-C,8571.97,65.68,0.008,70.0,0.0095,24.1,68.69,4.30723,-5.58247,0.61498,0.00012,0.10857
8684.51,BTC-27MAR20,1583060365546,open,0.0,871.8,0.0005,0.0115,0.00194683,96.03,0.0015,0.0,BTC-27MAR20-15000-C,8571.97,92.59,0.0015,49.3,0.0025,24.0,99.64,1.22494,-2.2731,0.12496,2e-05,0.02224
8684.51,BTC-27MAR20,1583060365547,open,0.02,1975.7,0.0065,0.0385,0.01838744,60.85,0.018,0.0,BTC-27MAR20-10000-C,8571.97,60.35,0.018,39.1,0.019,19.3,61.64,6.75456,-7.94228,1.20988,0.00021,0.2149
8944.54,BTC-26JUN20,1583060365547,open,0.41,142.3,0.3565,0.4585,0.40274997,70.41,0.408,0.0,BTC-26JUN20-12000-P,8571.97,0.0,0.005,0.8,0.6,0.6,160.25,17.4687,-5.26209,-31.7219,0.0001,-0.70482
8684.51,BTC-27MAR20,1583060365547,open,0.48,38.8,0.4715,0.493,0.48201276,91.05,0.5475,0.0,BTC-27MAR20-4500-C,8571.97,0.0,0.0,0.0,0.0,0.0,0.0,0.16665,-0.29318,3.17488,0.0,0.9977
8684.51,BTC-27MAR20,1583060365547,open,0.0,37.2,0.0005,0.0105,0.00018089,91.26,0.0005,0.0,BTC-27MAR20-4500-P,8571.97,0.0,0.0,0.0,0.001,44.1,111.61,0.16956,-0.29902,-0.01557,0.0,-0.00235
8684.51,BTC-27MAR20,1583060365547,open,0.39,173.2,0.3565,0.423,0.38723505,75.8,0.318,0.0,BTC-27MAR20-12000-P,8571.97,0.0,0.1,1.0,0.0,0.0,0.0,2.98895,-4.37792,-8.13046,7e-05,-0.93336
8684.51,BTC-27MAR20,1583060365547,open,1.08,0.0,1.0325,1.1195,1.07357182,110.69,1.23,0.0,BTC-27MAR20-18000-P,8571.97,0.0,0.0125,1.0,0.0,0.0,0.0,0.61732,-1.32036,-12.70457,1e-05,-0.98998
8684.51,BTC-27MAR20,1583060365547,open,0.0,154.1,0.0005,0.0105,8.07e-06,120.88,0.0005,0.0,BTC-27MAR20-30000-C,8571.97,0.0,0.0,0.0,0.001,44.0,174.63,0.01017,-0.02375,0.00064,0.0,0.00011
8944.54,BTC-26JUN20,1583060365547,open,0.01,1315.4,0.0045,0.039,0.01475552,86.23,0.016,0.0,BTC-26JUN20-20000-C,8571.97,84.7,0.0135,24.0,0.016,44.0,87.67,7.52287,-2.77503,1.86796,3e-05,0.07998
8684.51,BTC-27MAR20,1583060365547,open,0.0,898.4,0.0005,0.0105,1.7e-07,121.96,0.0005,0.0,BTC-27MAR20-40000-C,8571.97,0.0,0.0,0.0,0.0005,0.1,194.74,0.00031,-0.00072,2e-05,0.0,0.0
8944.54,BTC-26JUN20,1583060365547,open,0.61,12.5,0.5555,0.6605,0.60262503,73.89,0.56,0.0,BTC-26JUN20-14000-P,8571.97,0.0,0.001,2.0,0.0,0.0,0.0,13.92024,-4.40004,-40.33863,7e-05,-0.80579
8944.54,BTC-26JUN20,1583060365547,open,0.09,492.0,0.0595,0.129,0.08973436,64.05,0.0875,0.0,BTC-26JUN20-8000-P,8571.97,62.43,0.0865,16.6,0.089,4.0,63.68,17.91549,-4.90876,-11.51669,0.00011,-0.31237
8684.51,BTC-27MAR20,1583060365547,open,2.93,0.0,2.8385,2.995,2.91504967,143.67,None,0.0,BTC-27MAR20-34000-P,8571.97,0.0,0.0005,1.0,0.0,0.0,0.0,0.03084,-0.08561,-24.10133,0.0,-0.99963
8684.51,BTC-27MAR20,1583060365547,open,0.0,221.1,0.0005,0.0105,1.61e-06,121.27,0.0005,0.0,BTC-27MAR20-34000-C,8571.97,0.0,0.0,0.0,0.0005,19.0,177.0,0.00238,-0.00557,0.00014,0.0,2e-05
8684.51,BTC-27MAR20,1583060365547,open,2.47,0.0,2.387,2.525,2.45446225,132.53,None,0.0,BTC-27MAR20-30000-P,8571.97,0.0,0.0005,1.0,0.0,0.0,0.0,0.03528,-0.09035,-21.2653,0.0,-0.99958
8944.54,BTC-26JUN20,1583060365546,open,0.31,0.0,0.265,0.3635,0.30966893,68.5,None,0.0,BTC-26JUN20-11000-P,8571.97,0.0,0.0,0.0,0.0,0.0,0.0,19.05938,-5.58543,-26.99913,0.00011,-0.633
8684.51,BTC-27MAR20,1583060365547,open,1.77,0.0,1.7095,1.821,1.76367563,122.48,None,0.0,BTC-27MAR20-24000-P,8571.97,0.0,0.0,0.0,0.0,0.0,0.0,0.11748,-0.27803,-17.00533,0.0,-0.99843
8684.51,BTC-27MAR20,1583060365546,open,0.0,428.4,0.0005,0.0105,7.6e-07,121.58,0.0005,0.0,BTC-27MAR20-36000-C,8571.97,0.0,0.0,0.0,0.0005,111.0,183.28,0.0012,-0.00281,7e-05,0.0,1e-05
8944.54,BTC-26JUN20,1583060365547,open,0.02,608.6,0.006,0.0455,0.01884017,82.23,0.018,0.0,BTC-26JUN20-18000-C,8571.97,80.87,0.0175,24.0,0.02,44.0,83.36,9.01061,-3.16963,2.38122,4e-05,0.10198
8684.51,BTC-27MAR20,1583060365547,open,1.31,5.3,1.258,1.354,1.30368432,121.02,0.907,0.0,BTC-27MAR20-20000-P,8571.97,0.0,0.0005,1.0,0.0,0.0,0.0,0.4842,-1.13228,-14.13622,1e-05,-0.9924
8684.51,BTC-27MAR20,1583060365547,open,1.54,5.6,1.484,1.587,1.53354761,121.47,1.545,0.0,BTC-27MAR20-22000-P,8571.97,0.0,0.0005,1.0,0.0,0.0,0.0,0.23318,-0.54734,-15.57759,0.0,-0.99666
8684.51,BTC-27MAR20,1583060365547,open,0.42,35.7,0.413,0.4385,0.42498323,91.15,0.4975,0.0,BTC-27MAR20-5000-C,8571.97,0.0,0.0,0.0,0.0,0.0,0.0,0.5224,-0.92006,3.4892,1e-05,0.99172
8684.51,BTC-27MAR20,1583060365547,open,0.01,1223.5,0.004,0.0315,0.01391519,59.25,0.0145,0.0,BTC-27MAR20-7500-P,8571.97,58.59,0.0135,19.3,0.0145,38.7,60.16,5.54788,-6.35143,-1.04994,0.00018,-0.15662
8684.51,BTC-27MAR20,1583060365548,open,2.7,0.0,2.613,2.76,2.68475466,137.98,None,0.0,BTC-27MAR20-32000-P,8571.97,0.0,0.0005,1.0,0.0,0.0,0.0,0.03192,-0.08511,-22.6834,0.0,-0.99962
8684.51,BTC-27MAR20,1583060365548,open,0.0,1425.2,0.0005,0.012,0.00225712,76.15,0.0025,0.0,BTC-27MAR20-6000-P,8571.97,74.55,0.002,24.0,0.0025,0.1,77.57,1.44614,-2.12802,-0.1808,4e-05,-0.02711
8944.54,BTC-26JUN20,1583060365548,open,1.7,0.0,1.634,1.7655,1.69338974,93.49,None,0.0,BTC-26JUN20-24000-P,8571.97,0.0,0.0,0.0,0.0,0.0,0.0,5.60351,-2.24114,-75.57585,2e-05,-0.94533
8684.51,BTC-27MAR20,1583060365548,open,0.03,1697.6,0.0135,0.053,0.02663257,56.61,0.0255,0.0,BTC-27MAR20-8000-P,8571.97,55.32,0.0255,23.2,0.0275,23.0,57.6,7.61158,-8.32651,-1.8116,0.00025,-0.26762
8684.51,BTC-27MAR20,1583060365547,open,0.51,3.0,0.469,0.5385,0.50088791,84.46,0.33,0.0,BTC-27MAR20-13000-P,8571.97,0.0,0.15,0.2,0.0,0.0,0.0,2.24414,-3.66258,-8.95513,5e-05,-0.95366
8944.54,BTC-26JUN20,1583060365548,open,0.01,626.2,0.0025,0.0345,0.01210794,90.04,0.0105,0.0,BTC-26JUN20-22000-C,8571.97,88.46,0.011,44.0,0.013,24.0,91.26,6.44197,-2.48149,1.524,3e-05,0.06532
8684.51,BTC-27MAR20,1583060365548,open,0.0,556.6,0.0005,0.014,0.00401107,69.47,0.0045,0.0,BTC-27MAR20-6500-P,8571.97,67.5,0.0035,54.0,0.0045,32.1,71.24,2.33002,-3.12774,-0.3237,6e-05,-0.04857
8944.54,BTC-26JUN20,1583060365548,open,0.01,506.1,0.0005,0.0205,0.00825418,68.28,0.009,0.0,BTC-26JUN20-5000-P,8571.97,66.84,0.0075,28.1,0.009,24.0,69.65,4.77311,-1.39432,-1.5171,3e-05,-0.04472
8944.54,BTC-26JUN20,1583060365548,open,0.1,935.9,0.071,0.1465,0.10458318,65.94,0.1045,0.0,BTC-26JUN20-10000-C,8571.97,65.45,0.1035,16.9,0.106,0.1,66.57,20.06506,-5.65985,10.04357,0.00012,0.45525
8944.54,BTC-26JUN20,1583060365548,open,0.0,330.7,0.0005,0.011,0.00123628,86.52,0.001,0.0,BTC-26JUN20-3000-P,8571.97,84.11,0.001,0.3,0.0015,20.0,88.86,0.9413,-0.3484,-0.22557,0.0,-0.00664
8684.51,BTC-27MAR20,1583060365548,open,0.0,387.4,0.0005,0.0105,0.00091798,79.44,0.001,0.0,BTC-27MAR20-5500-P,8571.97,73.25,0.0005,68.0,0.0015,49.1,85.47,0.70887,-1.08814,-0.07796,2e-05,-0.01174
8944.54,BTC-26JUN20,1583060365548,open,0.02,542.5,0.01,0.0555,0.02566846,78.17,0.027,0.0,BTC-26JUN20-16000-C,8571.97,77.22,0.0245,24.0,0.027,58.0,79.23,11.10563,-3.71403,3.19131,6e-05,0.13709
8684.53,BTC-27MAR20,1583060365549,open,0.0,267.1,0.0005,0.0105,3.55e-06,121.04,0.0005,0.0,BTC-27MAR20-32000-C,8571.97,0.0,0.0,0.0,0.0005,2.3,170.29,0.00486,-0.01136,0.00029,0.0,5e-05
8944.54,BTC-26JUN20,1583060365549,open,0.01,405.9,0.0005,0.024,0.00671109,102.08,0.0075,0.0,BTC-26JUN20-30000-C,8571.97,100.41,0.006,20.0,0.0075,24.0,103.8,3.95163,-1.72568,0.82294,2e-05,0.03544
8944.54,BTC-26JUN20,1583060365549,open,0.14,952.4,0.1065,0.1825,0.14116287,64.05,0.1415,0.0,BTC-26JUN20-9000-C,8571.97,63.52,0.14,16.0,0.1425,1.0,64.65,19.92198,-5.45849,12.14473,0.00012,0.56519
8684.53,BTC-27MAR20,1583060365549,open,0.0,527.6,0.0005,0.0105,4.567e-05,120.74,0.0005,0.0,BTC-27MAR20-26000-C,8571.97,0.0,0.0,0.0,0.001,25.0,157.59,0.04689,-0.10939,0.00327,0.0,0.00058
8684.53,BTC-27MAR20,1583060365549,open,0.31,32.7,0.296,0.329,0.31136652,76.11,0.3165,0.0,BTC-27MAR20-6000-C,8571.97,0.0,0.2985,7.0,0.321,7.0,109.94,1.44351,-2.12301,4.07315,4e-05,0.97295
8684.53,BTC-27MAR20,1583060365549,open,0.0,707.3,0.0005,0.0105,0.00072552,91.22,0.001,0.0,BTC-27MAR20-5000-P,8571.97,87.0,0.0005,3.0,0.001,49.1,95.29,0.52464,-0.92478,-0.05569,1e-05,-0.00832
8944.54,BTC-26JUN20,1583060365549,open,0.82,7.0,0.766,0.8745,0.81447122,78.17,0.79,0.0,BTC-26JUN20-16000-P,8571.97,0.0,0.001,2.0,0.0,0.0,0.0,11.10602,-3.71424,-48.04173,6e-05,-0.8629
8684.53,BTC-27MAR20,1583060365549,open,0.2,583.8,0.1815,0.224,0.20150508,64.14,0.21,0.0,BTC-27MAR20-7000-C,8571.97,37.93,0.1945,6.0,0.2175,6.0,93.15,3.71868,-4.60916,4.36915,0.00011,0.91117
8684.53,BTC-27MAR20,1583060365549,open,0.0,329.6,0.0005,0.0105,0.0001123,120.71,0.0005,0.0,BTC-27MAR20-24000-C,8571.97,0.0,0.0,0.0,0.001,25.0,147.89,0.10185,-0.23757,0.00756,0.0,0.00134
8944.54,BTC-26JUN20,1583060365549,open,0.55,21.6,0.5445,0.569,0.55549276,73.2,0.612,0.0,BTC-26JUN20-4000-C,8571.97,0.0,0.0,0.0,0.0,0.0,0.0,2.00243,-0.6271,12.27911,1e-05,0.98422
8944.54,BTC-26JUN20,1583060365550,open,1.93,0.0,1.8525,1.9915,1.9157537,97.0,None,0.0,BTC-26JUN20-26000-P,8571.97,0.0,0.0,0.0,0.0,0.0,0.0,5.01042,-2.07915,-82.14989,2e-05,-0.9525
8944.54,BTC-26JUN20,1583060365549,open,2.15,0.0,2.071,2.2175,2.13811805,99.68,None,0.0,BTC-26JUN20-28000-P,8571.97,0.0,0.0,0.0,0.0,0.0,0.0,4.43518,-1.89131,-88.7096,2e-05,-0.95917
8944.54,BTC-26JUN20,1583060365550,open,2.37,0.0,2.29,2.444,2.36071627,102.09,None,0.0,BTC-26JUN20-30000-P,8571.97,0.0,0.0,0.0,0.0,0.0,0.0,3.95304,-1.72644,-95.23894,2e-05,-0.96454
8944.54,BTC-26JUN20,1583060365549,open,0.06,576.1,0.0335,0.1,0.0611479,70.41,0.0595,0.0,BTC-26JUN20-12000-C,8571.97,69.82,0.06,4.0,0.0625,30.3,71.1,17.4686,-5.26201,6.70293,0.0001,0.29518
8684.53,BTC-27MAR20,1583060365550,open,0.0,242.0,0.0005,0.0105,1.896e-05,120.79,0.0005,0.0,BTC-27MAR20-28000-C,8571.97,0.0,0.0,0.0,0.001,44.0,166.47,0.0217,-0.05064,0.00143,0.0,0.00025
8684.53,BTC-27MAR20,1583060365550,open,0.0,897.5,0.0005,0.0105,0.00071493,120.68,0.0005,0.0,BTC-27MAR20-20000-C,8571.97,116.23,0.0005,22.3,0.001,24.0,125.28,0.4753,-1.10838,0.04138,1e-05,0.00744
8684.53,BTC-27MAR20,1583060365550,open,0.74,2.0,0.694,0.77,0.72916015,96.06,0.4565,0.0,BTC-27MAR20-15000-P,8571.97,0.0,0.0,0.0,0.0,0.0,0.0,1.22665,-2.27696,-10.50869,2e-05,-0.97772
8944.54,BTC-26JUN20,1583060365551,open,1.26,0.1,1.1975,1.316,1.25075898,86.23,1.85,0.0,BTC-26JUN20-20000-P,8571.97,0.0,0.001,2.0,0.0,0.0,0.0,7.52356,-2.77538,-62.17331,3e-05,-0.92002
8684.53,BTC-27MAR20,1583060365551,open,0.62,69.6,0.5815,0.6545,0.61502254,91.79,0.59,0.0,BTC-27MAR20-14000-P,8571.97,0.0,0.004,0.1,0.0,0.0,0.0,1.72328,-3.05637,-9.73694,4e-05,-0.96651
8944.54,BTC-26JUN20,1583060365551,open,0.19,256.8,0.1615,0.2345,0.19533297,64.05,0.1935,0.0,BTC-26JUN20-8000-C,8571.97,61.88,0.191,15.0,0.1975,14.6,65.13,17.91548,-4.90872,14.09994,0.00011,0.68763
8684.53,BTC-27MAR20,1583060365550,open,3.16,0.1,3.0645,3.2295,3.14531236,138.82,2.64,0.0,BTC-27MAR20-36000-P,8571.97,0.0,0.0005,1.0,0.0,0.0,0.0,0.01128,-0.03025,-25.52053,0.0,-0.99988
8684.53,BTC-27MAR20,1583060365551,open,2.0,0.0,1.9355,2.0555,1.99388182,121.95,None,0.0,BTC-27MAR20-26000-P,8571.97,0.0,0.001,1.0,0.0,0.0,0.0,0.05255,-0.12384,-18.42831,0.0,-0.99935
8944.54,BTC-26JUN20,1583060365584,open,0.45,14.3,0.4335,0.469,0.44925331,68.28,0.518,0.0,BTC-26JUN20-5000-C,8571.97,24.21,0.441,0.1,0.0,0.0,0.0,4.77292,-1.39424,14.49335,3e-05,0.95529
8944.49,BTC-26JUN20,1583060367580,open,0.45,14.3,0.4335,0.469,0.44925345,68.29,0.518,0.0,BTC-26JUN20-5000-C,8571.92,0.0,0.4405,0.1,0.0,0.0,0.0,4.77388,-1.39463,14.49294,3e-05,0.95528
8684.48,BTC-27MAR20,1583060368567,open,0.04,1733.7,0.027,0.075,0.04483252,56.73,0.044,0.0,BTC-27MAR20-9000-C,8571.9,55.94,0.044,1.0,0.046,36.0,57.85,9.10635,-9.98297,2.40923,0.0003,0.43616
